3010 5110
593 481 634 543 45

124 679 307 774 indulgens,
331 679 442 746 misere
460 689 644 766 contorquet
662 689 694 742 et
711 688 826 742 temere
846 699 937 768 saepe
955 695 1099 770 nugatur.

126 804 219 894 Apte·
238 803 270 868 in
300 823 386 868 suam
413 821 479 864 rem
505 819 541 864 ea
570 798 637 887 ipsa
664 795 778 888 placita
803 797 910 879 affert,
933 797 1104 891 dequibus

126 921 307 1014 philosophi
333 919 466 987 maxime
493 917 735 999 dissentiebant,
754 917 795 982 de
812 923 925 986 noima
944 934 975 987 et
995 945 1106 988 ranem

120 1045 333 1136 princepir's‚
367 1063 456 1132 quae,
474 1061 581 1108 omnes
602 1039 812 1130 Apologetae,
833 1039 985 1130 imprimis
1015 1041 1106 1108 Her-

128 1167 218 1228 melre
246 1163 459 1247 instructiorem
486 1165 549 1229 τῶν
576 1161 635 1238 ἔξω
660 1160 853 1266 φιλοσόφων,
881 1161 1010 1228 irridere
1029 1165 1108 1230 sole·
1234 1213 1238 1220 ·

130 1283 219 1351 bant.

177 1400 434 1493 Philosophorum
464 1399 535 1468 odic
563 1401 688 1491 plenus,
717 1424 779 1469 non
806 1401 876 1469 satis
899 1404 1032 1494 putabet
1058 1425 1111 1470 eos
1210 1463 1218 1476 ,

132 1523 325 1614 ignorantiae
353 1543 518 1602 accusare,
545 1523 648 1586 malis
670 1543 793 1610 quoquc
822 1523 935 1587 ductos
960 1525 1111 1589 cmtsilic's

131 1643 310 1725 contendit,
343 1643 453 1733 qnasi,
485 1639 650 1708 artificiosa
676 1640 832 1708 scribendi
851 1643 990 1724 ratione,
1015 1644 1112 1710 lecto·

133 1786 183 1830 res
210 1761 357 1830 minnere
383 1776 415 1830 et
434 1763 467 1828 in
486 1785 553 1830 suas
571 1775 672 1854 partes
691 1782 800 1853 rapere
817 1776 1002 1847 tentassent,
1027 1764 1111 1856 qnod

134 1897 353 1977 argumentum
382 1907 475 1974 quam
502 1882 658 1950 lubricum
685 1883 725 1950 sit
753 1897 784 1950 et
811 1907 925 1951 nanum
937 1934 947 1966 ,
980 1900 1112 1961 nonest

137 2003 223 2097 quod
241 2003 415 2074 ostendam.

182 2124 323 2193 lustinus
351 2124 384 2190 in
410 2123 472 2190 hoc
498 2137 678 2215 argumento
706 2123 884 2216 exponendo
919 2127 984 2192 sine
1017 2125 1113 2194 dnbio

139 2217 207 2310 rem
235 2243 268 2310 in
296 2238 428 2312 nimium
454 2257 556 2334 auget.
604 2246 717 2336 Negari
746 2245 872 2336 quidem
900 2247 1029 2338 nequit,
1058 2270 1117 2314 re-

142 2378 222 2431 teres
249 2362 468 2457 philosophos,
498 2365 563 2442 uhi·
588 2363 627 2430 de
645 2365 736 2430 rebus
754 2365 793 2430 ad
812 2388 916 2432 rernm
934 2365 1117 2456 religionem

141 2486 367 2577 pertinentibus
376 2485 653 2579 agunt‚lluctuare
663 2499 694 2552 et
705 2483 789 2551 haud
798 2507 866 2552 raro
875 2485 1007 2553 absurde
1019 2485 1116 2554 dcce-

140 2627 177 2670 re
197 2627 305 2672 rerum
324 2619 427 2674 tamen
456 2606 522 2698 ipsa
541 2606 593 2672 illa
614 2603 866 2696 philosophorum
885 2605 998 2696 scripta
1017 2607 1115 2673 multa

141 2725 302 2793 continent
320 2726 475 2817 ingeniosa
495 2739 526 2793 et
545 2725 684 2816 egregia,
705 2746 763 2792 nec
777 2747 901 2815 prorsus
918 2725 973 2807 iis,
993 2727 1116 2817 quaein

144 2843 240 2916 Sacro
255 2843 371 2912 Codice
380 2845 552 2925 habentur,
562 2845 715 2913 contraria
725 2845 774 2934 (1)
784 2864 792 2907 ε
804 2846 852 2912 uti
861 2845 1117 2938 Philosophorum

142 2967 258 3058 scripta
276 2966 423 3057 probant,
444 2989 535 3056 quam
550 2989 660 3058 parum
680 2965 839 3050 homines,
859 2967 920 3034 sibi
938 2967 1058 3050 relicti,
1078 2967 1118 3035 de

139 3087 236 3154 rebus
263 3083 384 3152 Divinis
413 3107 594 3176 cognoscere
622 3087 760 3178 possint,
787 3087 831 3153 ita
858 3087 899 3153 ab
916 3087 1011 3154 altere
1029 3101 1118 3177 parte

144 3204 243 3297 (qued
271 3204 311 3271 de
341 3206 466 3272 Platone
495 3205 627 3272 maxime
649 3205 768 3273 dictum
788 3207 854 3294 sit),
873 3220 1023 3297 qnatenus
1039 3209 1119 3276 ratio

142 3325 279 3394 humana
298 3325 358 3394 rite
377 3326 515 3408 exculta,
532 3326 572 3394 ad
585 3327 646 3394 Ilei
659 3348 824 3416 rerumque
839 3327 1022 3396 Divinarum
1037 3328 1120 3397 noti·

144 3449 222 3514 tiam
238 3445 398 3538 pervenire
416 3447 522 3538 possit.
543 3447 678 3514 Platonis
694 3444 949 3530 certedoctrina,
965 3449 1022 3516 etsi
1030 3450 1120 3542 longe

146 3563 263 3636 Christi
284 3565 423 3634 doctrinl
441 3567 589 3649 inferior,
612 3580 739 3634 naturae
765 3567 945 3660 religionem
962 3568 1120 3650 exhibuit,
1236 3585 1241 3596 ·

146 3701 178 3756 ct
196 3687 271 3756 hinc
290 3687 349 3779 ipsi
366 3669 559 3756 liberaliores
577 3688 697 3758 Veteris
715 3690 870 3758 Ecclesiae
885 3689 1123 3780 TheologiPhi-

147 3807 318 3900 lcsophiam
337 3808 604 3899 praeparationem
623 3809 802 3901 Euangelii,
823 3809 907 3902 quod
924 3823 970 3877 est
985 3809 1124 3900 perfecta

177 4021 217 4089 (1)
235 4023 379 4074 Prcbmunt
411 4023 461 4073 hoo
497 4039 573 4073 rerer
602 4024 629 4072 in
661 4025 726 4076 Dira.
758 4026 821 4091 llag.
859 4025 891 4076 atl
923 4041 1016 4076 annum
1052 4024 1128 4079 1812.

134 4123 169 4179 ιν.
187 4123 303 4168 suarm,
324 4107 418 4160 Zadal.
438 4107 636 4160 Sotoootauee.
672 4125 697 4160 r.
718 4125 825 4172 resurr,
846 4110 873 4160 in
889 4108 1043 4176 Hagesijo,
1061 4108 1130 4174 quod

143 4192 225 4246 edidit
238 4208 262 4246 r.
281 4207 397 4258 narrar,
417 4193 443 4244 11
462 4194 541 4258 llael,
562 4209 619 4260 pag.
639 4192 691 4244 2911
711 4209 769 4258 sqq.
