3016 5108
788 426 829 487 12

361 624 522 714 Scriptum
543 643 605 688 esse
630 643 667 688 eo
688 621 840 705 consilio,
870 637 925 703 ut,
959 625 1130 714 gentilium·
1142 627 1301 719 religionis

317 744 506 812 absurditate
535 756 566 809 et
594 743 731 809 vanitate
758 744 791 808 in
816 744 885 811 luce
912 745 1083 828 collocata,
1107 749 1200 838 cique
1217 751 1297 818 reli-

315 866 426 960 gionis¹
445 863 520 934 chr.
547 864 734 954 praestantia
762 865 923 956 opposita,
956 867 1085 957 gentiles
1112 866 1151 934 ad
1182 867 1320 944 Christi,

317 1001 415 1053 castra
433 984 628 1066 traduceret,
648 1007 741 1052 nemo
759 984 850 1052 facile
869 985 1059 1055 dubitaverit
1079 989 1140 1078 (1).

361 1114 466 1189 Λόγον
492 1111 717 1194 Παραινετικόν
745 1107 792 1194 (2)
832 1109 951 1175 Romae
985 1110 1141 1200 scripsisse
1173 1110 1296 1178 ridetur

204 1267 206 1283 ι
316 1229 407 1319 paulo
434 1240 504 1316 post
532 1225 624 1307 λόγον
651 1231 725 1312 πρὸς
745 1228 916 1313 Ἓλληνας.
935 1233 1183 1320 Argumentum,
1203 1255 1297 1323 penes

316 1345 516 1438 philosophos
552 1345 715 1438 veritatem
752 1369 814 1414 non
851 1371 942 1429 esse,
978 1351 1090 1418 leuiter
1127 1353 1297 1443 procedens

316 1464 551 1559 argumentandi
587 1467 666 1533 ratio
678 1517 688 1549 ‚
721 1467 824 1549 stilus,
858 1469 913 1559 qui
947 1470 1076 1538 nitidior
1110 1485 1141 1540 et
1170 1473 1297 1564 politior

316 1612 411 1681 qnam
439 1588 473 1654 in
500 1586 628 1678 reliquis
646 1587 699 1654 bic
717 1588 996 1674 animadvertitur,
1019 1593 1117 1659 altum
1136 1591 1174 1659 de
1192 1615 1297 1684 perse·

317 1709 492 1778 cutionibus
517 1709 695 1792 silentium,
719 1709 799 1792 alia,
824 1711 957 1801 probare
974 1711 1119 1788 ridentur
1137 1713 1297 1781 Justinum

316 1833 377 1899 hoc
392 1831 574 1922 opusculum
588 1831 742 1921 scripsisse
751 1829 836 1898 haud
852 1831 906 1897 diu
915 1846 984 1922 post
995 1835 1224 1900 conversionem
1235 1835 1295 1924 (3).

317 1955 353 2022 Si
382 1954 576 2042 conjecturae
603 1952 688 2018 locus
722 1963 787 2031 cst,
826 1952 935 2041 primis
962 1953 1113 2020 Antonini
1142 1956 1297 2046 tempori·-

315 2076 394 2155 bus,
429 2095 525 2162 quum
552 2072 617 2161 ipse
647 2094 719 2138 cum
746 2072 875 2162 reliquis
896 2068 1078 2140 Christianis
1097 2070 1174 2165 pace
1193 2075 1303 2142 adhuc.
1330 2156 1340 2173 ‚

317 2193 483 2286 gaudebat.
764 2186 767 2197 ¹

363 2314 483 2382 Eodem
511 2313 659 2393 consilio,
691 2336 752 2403 quo
780 2314 891 2395 λόγον,
916 2315 1000 2382 hunc
1017 2317 1133 2390 librum
1152 2318 1294 2407 scripsit,

316 2449 352 2502 ut
378 2435 526 2501 Ethuicos
556 2457 574 2498 a
603 2425 750 2522 religione
787 2457 840 2499 sua
875 2434 1062 2508 abduceret:
1108 2435 1161 2502 hie
1193 2450 1298 2503 autem

316 2556 409 2622 aliam
432 2555 515 2620 riam
543 2551 727 2643 ingreditur.
775 2553 900 2620 Etenim
927 2557 975 2622 uti
1003 2556 1036 2620 in
1063 2556 1144 2641 λόγῳ
1171 2555 1298 2623 demon-

319 2690 465 2745 straverat
493 2676 526 2740 in
551 2683 713 2765 poetarum
740 2672 856 2761 mythis
885 2675 1046 2742 veritatem
1078 2677 1218 2743 inveniri
1236 2701 1299 2743 non

318 2821 434 2889 posse,
461 2797 504 2862 ita
525 2794 579 2860 bic
590 2843 600 2873 ,
619 2815 659 2858 ne
678 2794 711 2858 in
729 2791 1006 2884 philosophorum,
1032 2795 1072 2862 ad
1091 2820 1167 2886 qnos
1186 2821 1298 2887 proro-

247 2959 255 2975 2
317 2919 453 2998 cabant,
484 2915 628 3005 seriptis,
651 2912 841 3005 praesidium
865 2916 925 2981 sibi
953 2931 1153 3007 quaererent,
1178 2918 1211 2984 id
1235 2921 1300 3008 ugit

321 3023 365 3106 1⁰⁵.
396 3050 432 3104 ut
458 3035 562 3103 sedata
581 3046 706 3117 mente,
731 3035 837 3115 omni,
868 3059 929 3126 qua
956 3039 1074 3128 pollet,
1104 3037 1244 3106 doctrina
1268 3052 1300 3106 et

319 3158 464 3249 ingenio,
490 3157 531 3223 ob
559 3156 662 3222 oculos
688 3169 783 3246 ponat
810 3156 936 3224 eximios
962 3159 1094 3225 scilicet!
1130 3160 1202 3226 istos
1228 3159 1301 3250 phi-

319 3278 463 3369 losophos
498 3277 543 3342 nil
576 3277 654 3342 certi
690 3298 749 3342 nec
780 3277 846 3344 reri
874 3276 1004 3361 dirisse3
1044 3283 1089 3346 2⁰.
1115 3277 1302 3369 eosdemque

321 3415 352 3470 et
380 3400 475 3479 alios,
501 3399 526 3464 si
545 3396 622 3488 quid
646 3395 685 3462 de
711 3398 778 3464 Deo
797 3400 924 3489 ejusque
942 3400 1028 3466 cultu
1046 3399 1126 3466 bene
1146 3399 1300 3482 dixerint,

350 3647 391 3713 (1)
407 3642 491 3695 Verbo
517 3641 562 3691 bic
587 3647 763 3706 argumentum
788 3644 931 3696 exhibuisse
950 3647 1011 3696 tatis
1030 3648 1097 3709 erit,
1123 3663 1201 3711 quum
1216 3651 1305 3714 postea

315 3737 388 3800 ipsa,
409 3745 474 3794 quae
490 3728 583 3786 affert,
603 3733 751 3791 argumenta
767 3729 841 3779 nobis
858 3734 1002 3780 occurrant.

351 3816 391 3882 (2)
409 3815 479 3864 ldem
496 3827 552 3862 etse
570 3810 635 3860 liber
654 3811 769 3873 videtur,
791 3815 835 3877 qui
854 3816 983 3866 veteribus
1003 3817 1114 3885 i'iaygoc
1131 3822 1303 3884 nuncupatur.

302 3903 421 3956 -Librarii
435 3900 526 3949 titulos
541 3897 668 3947 interdurn
685 3900 828 3952 mutabant.

351 3988 392 4054 (3)
408 3985 481 4036 Haud
495 3999 600 4034 necesse
614 3983 686 4039 ¹duco
701 3999 759 4032 cum
778 3999 890 4036 nsrnnro
914 3969 1043 4047 statuere,
1063 3987 1106 4035 diu
1125 3990 1183 4052 post
1200 3988 1307 4052 scriptas

317 4070 468 4137 Apologim,
488 4083 585 4120 rursm
601 4068 728 4118 sentiendi
743 4070 842 4120 ratioitc
858 4074 971 4132 mutata,
991 4066 1081 4120 librom
1102 4072 1171 4122 hunc
1185 4074 1307 4139 scriptum

316 4171 379 4206 ease.
417 4153 480 4203 Vide
499 4169 564 4216 quae
584 4153 659 4203 modo
677 4155 703 4203 in
720 4158 808 4209 annot.
825 4158 976 4208 monuimus.
