3016 5108
826 429 868 490 20

362 671 438 724 esset
467 657 523 722 sard
550 655 737 720 umbraculo
764 655 879 720 licitae
907 653 1110 721 Judoecrum
1137 651 1335 746 religionis,

362 779 464 844 minus
491 777 593 842 oculos
619 773 658 840 ad
684 797 715 840 se
734 774 951 855 convertebat;
978 787 1124 863 tanquam
1144 771 1336 840 ludaeorum

363 912 444 964 scota
464 899 496 963 in
521 895 652 985 imperio
672 896 811 961 Romano
830 895 904 960 ferri
924 893 1117 984 poterat(l);
1142 889 1339 960 Christiano-

321 1052 323 1056 ·
361 1041 431 1084 rum
459 1039 569 1108 parum
596 1014 723 1081 rationis
750 1013 924 1080 habebatur
936 1014 996 1101 (2)
1015 1014 1085 1080 Alia
1102 1027 1206 1080 autern
1233 1037 1337 1079 rerum

360 1139 453 1204 facies
473 1137 556 1216 fuit,
579 1158 614 1200 er
634 1158 696 1224 quo
714 1133 954 1223 quamplurimi
973 1133 1071 1200 omnis
1090 1135 1208 1222 generis
1227 1133 1288 1198 loci
1307 1147 1339 1200 ct

362 1255 478 1322 ordinis
501 1254 640 1320 homines
668 1255 805 1320 Deorum
829 1256 945 1320 cultum
967 1253 1163 1321 deseruerant
1182 1268 1213 1320 et
1232 1252 1338 1322 Chris-

361 1379 447 1444 tiana
464 1397 553 1441 sacra
567 1386 757 1465 receperant.
800 1373 851 1439 Ab
867 1397 904 1439 eo
922 1372 995 1438 iude
1013 1388 1152 1464 tempore
1171 1371 1340 1440 Christiani

362 1496 478 1586 triplici
505 1494 630 1560 nomine
651 1495 724 1558 ferri
743 1517 805 1559 non
834 1506 994 1583 poteraut:
1022 1495 1062 1559 ob
1083 1493 1236 1560 desertum
1255 1495 1340 1561 enim

362 1617 498 1683 Deorum
528 1614 645 1679 cultum
672 1612 869 1686 habebantur
894 1591 1142 1703 impiilleorum
1161 1629 1192 1709 et
1209 1615 1339 1706 Imperii

304 1793 309 1802 .
361 1736 482 1804 hostes:
517 1735 559 1802 cb
588 1733 743 1824 religionis
775 1731 966 1800 Christianae
989 1734 1210 1824 professionem
1228 1759 1340 1827 super-

256 1942 260 1952 .
362 1839 494 1935 stitiosi,
528 1853 675 1934 fanatici,
716 1852 892 1922 dementes:
932 1853 973 1920 ob
1015 1854 1145 1920 crimina
1185 1855 1339 1946 denique,

363 1998 496 2066 quorum
513 1975 559 2040 rei
578 1997 640 2041 esse
659 1974 883 2054 credebantur,
894 1973 1023 2058 'scelesti
1043 1988 1074 2040 et
1094 1977 1220 2066 pessimi
1233 1975 1341 2044 homi-

363 2119 419 2162 nes
436 2108 468 2160 et
491 2095 583 2163 cives.
635 2093 685 2161 0b
708 2093 863 2183 triplicem
890 2093 1007 2160 huncce
1035 2117 1180 2178 causam,
1209 2119 1341 2187 quarum
1366 2171 1371 2176 ,

363 2239 424 2280 uua
448 2215 513 2279 fere
541 2237 576 2278 er
603 2213 698 2280 altera
724 2213 948 2302 promanabat,
977 2237 1118 2304 quaeque
1144 2217 1262 2308 sejungi
1280 2239 1341 2283 ne-

360 2347 502 2426 queunt,
535 2335 720 2420 criminum,
749 2357 827 2424 quae
847 2333 998 2416 diximus,
1023 2349 1054 2401 et
1072 2335 1241 2420 similium,
1261 2347 1342 2428 quae

363 2457 413 2522 his
448 2479 582 2546 congrua
618 2469 707 2536 suut,
740 2457 786 2521 rei
816 2455 1035 2537 habebantur,
1056 2455 1151 2546 idque
1175 2455 1339 2542 a·Plebe,

363 2577 523 2656 Politiois,
548 2575 765 2645 Sacerdotibus
790 2587 821 2656 et
847 2575 1062 2666 Philosophia,
1086 2578 1161 2667 qui,
1192 2580 1253 2668 suis
1279 2580 1342 2646 siu-

362 2699 427 2788 guli
444 2696 564 2763 inducti
579 2697 768 2779 rationibus,
784 2693 973 2768 Christianos
988 2699 1112 2766 civitate
1130 2701 1339 2790 expellendos,

363 2839 423 2884 nec
451 2839 560 2882 eorum
586 2817 765 2906 religionem
792 2817 983 2883 tolerandam
1010 2841 1072 2887 esse
1087 2821 1260 2888 clamabant
1281 2823 1342 2910 (3).

341 3027 346 3038 ,
365 2937 432 3004 Nec
451 2938 567 3002 mirum
585 2934 665 3006 hoc:
685 2937 776 3004 Plebs
796 2938 900 3019 enim,
916 2951 951 3006 ut
960 2938 1073 3006 debrde
1082 2939 1275 3024 ridebimus,
1292 2966 1343 3008 va-

366 3057 428 3122 rius
448 3069 575 3147 propter
594 3078 697 3124 causas
717 3070 782 3124 toto
801 3058 905 3124 animo
924 3059 1060 3125 Deorum
1080 3062 1177 3126 cultui
1196 3060 1341 3144 addicta,

276 3203 280 3210 ’
367 3151 449 3244 feirc
475 3201 537 3244 nou
566 3175 686 3268 poterat
716 3176 924 3261 Christianos,
955 3180 1009 3270 qui
1029 3181 1109 3247 Deos
1132 3179 1288 3261 riderent,
1313 3195 1344 3248 et
1421 3197 1424 3204 '

367 3321 425 3390 pro
442 3299 524 3366 avita
541 3299 688 3389 religione
709 3299 956 3388 superstitionem
970 3321 1097 3380 noram,
1119 3299 1236 3389 origine
1256 3300 1343 3389 igno·

368 3419 486 3500 bilem,
521 3419 618 3486 omnis
646 3419 720 3485 mali
748 3420 865 3486 fontem
878 3443 894 3499 ,·
920 3432 956 3486 ut
982 3417 1187 3499 credebatur,
1216 3421 1343 3510 profite-

367 3540 481 3608 bantur
505 3539 566 3628 (4).
894 3619 896 3625 .
1038 3563 1048 3610 t

372 3795 376 3808 .
401 3741 441 3806 (1)
459 3741 622 3802 Tzacnnnrr,
645 3739 801 3790 Geschs'clrte
819 3739 867 3788 der
884 3736 1055 3804 Apolcgcts‘k,
1074 3730 1131 3806 pag.
1153 3737 1276 3789 rsa-190.

399 3825 439 3891 (2)
457 3825 624 3884 Tzsourrnrn,
644 3825 662 3873 l.
682 3826 699 3873 l.
719 3841 776 3889 pag.
797 3823 856 3873 197.

399 3909 439 3973 (3)
456 3909 495 3958 Cl.
515 3923 678 3968 recontrans,
706 3907 724 3956 l.
750 3907 768 3957 1.
794 3923 851 3970 pag.
874 3907 997 3960 189-2211.
1035 3910 1169 3968 Necron,
1190 3907 1351 3974 Allgemes'm

370 3994 525 4044 Geaclrs'chta
542 3995 590 4042 der
612 3993 673 4042 clar.
694 3991 818 4056 Religion
833 3993 890 4040 und
909 3991 1025 4052 Kirche,
1052 3993 1064 4041 1
1089 3993 1117 4042 B.
1148 3994 1157 4040 l
1186 3993 1264 4044 Abth.
1292 4011 1349 4062 pag.

370 4077 419 4128 122
437 4093 493 4140 sqq.
530 4078 666 4126 Ersrnucnr
683 4076 710 4124 in
727 4077 821 4126 Gomm.
839 4077 884 4126 cit.
901 4094 959 4144 pag.
981 4076 1030 4127 127
1046 4091 1103 4141 sqq.

404 4161 443 4226 (4)
461 4161 614 4222 Erssnncur,
634 4160 652 4210 l.
676 4177 699 4212 c.
718 4176 776 4226 pag.
797 4160 855 4215 128.
893 4163 1026 4225 Naurum,
1045 4162 1063 4212 1.
1084 4178 1108 4212 c.
1127 4178 1185 4230 pag.
1206 4161 1263 4215 125.
