2978 5106
612 481 650 544 81

139 675 300 747 teriatismi
320 676 471 766 placitum
489 688 676 758 statuentes,
698 677 797 768 ipsam
817 678 856 744 de
874 681 969 747 animi
992 683 1120 751 immor.

45 835 46 842 κ
139 797 258 865 talitate
286 794 459 862 doctrinam
486 795 519 860 in
550 793 680 862 dubium
708 812 853 865 vocarent
874 801 944 888 (l),
963 801 1121 891 judicium

139 939 317 1008 supremum
356 929 387 982 et
424 916 536 982 similia
574 922 708 1000 κόμπους
734 932 765 985 et
793 924 930 1007 φόβητρα
960 920 1119 1006 dicentes3

138 1035 341 1126 quamobrem
364 1036 430 1126 ipsa
451 1035 503 1102 illa
526 1035 641 1126 placita
659 1037 783 1104 Justino
802 1052 1002 1106 non·tantum
1022 1065 1123 1134 prop-

136 1171 221 1224 terea
246 1156 330 1223 omni
348 1157 468 1222 ratione
488 1169 576 1222 erant
594 1155 732 1238 tuenda,
757 1169 792 1222 ut
810 1156 951 1226 Ethnicis
971 1172 1123 1230 terrorem

136 1277 312 1356 incuteret,
335 1297 444 1342 rerum
471 1275 565 1341 etiam
590 1288 624 1342 ut
643 1275 799 1366 religionis
822 1274 1015 1364 Christianae
1031 1304 1122 1372 prae·
1210 1265 1213 1274 ¹

138 1397 281 1492 stantiam
304 1396 470 1486 probaret,
504 1395 647 1485 ipsosque
671 1393 883 1478 Christianos,
906 1397 984 1466 baec
1006 1401 1121 1490 placita
1161 1401 1164 1408 ’

137 1529 322 1597 statuentes,
356 1538 449 1605 quam
468 1516 601 1580 manmc
621 1515 874 1600 commendaret3
906 1519 1024 1610 quippe
1045 1522 1119 1612 qni,

138 1659 236 1727 quum
263 1635 361 1701 animi
389 1633 653 1701 immortalitatem
672 1647 859 1717 statuerent,
884 1660 946 1704 non
964 1641 1141 1732 terrestriax

138 1757 192 1824 scd
220 1757 399 1823 sublimiora
428 1768 586 1846 peterent;
613 1754 691 1844 qui,
716 1755 848 1823 scientes
874 1780 905 1824 se
925 1782 1029 1827 coram
1046 1763 1121 1830 ¹Deo

139 1876 288 1944 omniscio
316 1876 468 1943 factorum
496 1875 647 1940 rationem
670 1874 863 1956 reddituros,
895 1880 995 1946 multo
1022 1883 1120 1972 magis

139 1999 180 2064 ab
213 1997 300 2066 omni
326 1995 477 2087 pravitate
504 1997 728 2076 retinerentur,
762 2017 856 2086 quam
882 1995 1029 2080 Ethnici,
1063 2001 1119 2090 qui

139 2117 218 2186 illud
254 2131 419 2208 negantes,
462 2113 626 2181 hominurn
654 2127 795 2195 tantum,
829 2139 904 2206 quos
937 2117 1004 2183 falli
1031 2143 1120 2210 posse

138 2237 300 2317 sciebant,
330 2249 417 2302 metu
444 2235 650 2301 retinerentur
674 2235 745 2321 (2);
781 2237 836 2325 qui
865 2236 1022 2328 denique,
1057 2263 1120 2330 quo

138 2341 236 2448 nangis
261 2357 416 2425 beatitatis
439 2355 576 2421 coelestis
594 2355 761 2445 participes
781 2356 911 2438 fierent,
935 2357 975 2425 ad
994 2361 1120 2449 quaevis

138 2480 220 2546 bona
237 2479 365 2544 moralia
385 2490 449 2544 toto
469 2477 573 2543 animo
591 2476 753 2566 spirarent.

184 2599 248 2666 flas
265 2599 360 2666 etiam
379 2595 569 2687 grauissimas
589 2595 629 2660 ob
648 2617 769 2676 causas,
793 2596 934 2664 Justinus
953 2596 1031 2666 haec
1049 2600 1118 2690 pla·
1150 2587 1155 2596 ,

135 2719 200 2786 cita
220 2731 310 2808 urget
328 2731 360 2784 et
383 2717 468 2783 omni
488 2715 606 2782 ratione
624 2716 781 2797 uindicat,
815 2718 898 2806 qnod
917 2719 977 2785 nisi
996 2720 1119 2788 fecisset

137 2839 300 2919 Justinus,
339 2837 404 2902 rim
440 2835 499 2903 sibi
532 2836 672 2919 intulisse
703 2835 879 2918 videretur;
915 2861 1013 2928 qnnrn
1041 2839 1120 2907 haec
1217 2923 1223 2936 ·

137 2960 252 3050 placita
291 2954 473 3024 Christianis
512 2956 643 3022 maxime
681 2971 769 3024 erant
806 2956 920 3024 dilecta
958 2972 990 3025 et
1031 2974 1119 3050 grata

136 3081 312 3171 quibusque
330 3100 394 3144 sese
413 3077 447 3142 in
466 3076 597 3143 miseriis
616 3077 734 3167 erigere
754 3078 893 3144 solebant
913 3079 973 3166 (3).
1013 3079 1117 3170 Argu-

136 3180 242 3268 menta
266 3198 330 3290 pro'
342 3201 448 3264 aurini
462 3199 715 3263 immortalitate
733 3197 824 3263 simul
837 3191 951 3279 affert,
975 3198 1030 3264 ubi
1051 3199 1120 3291 pia-

137 3322 236 3389 citum
256 3319 295 3385 dc
308 3317 429 3408 judicio
448 3340 591 3408 supremo
608 3317 756 3386 vindicat.
792 3315 884 3384 Haud
904 3318 982 3386 adeo
997 3343 1120 3389 necesse

135 3457 201 3526 erat
221 3441 318 3508 animi
339 3439 603 3506 immortalitatem
623 3438 663 3504 de
678 3437 829 3504 industria
848 3435 1003 3532 probare,
1020 3465 1118 3532 quum

136 3564 197 3655 ipsi
226 3559 406 3650 Philosophi
435 3558 468 3623 id
490 3559 566 3648 jam·
584 3572 762 3627 tentassent.
782 3598 828 3610 —
843 3557 985 3628 Justinus
1012 3575 1118 3627 umen

150 3701 493 3721 ...ιιι-ιι*

165 3761 205 3827 (Ι)
224 3763 361 3840 Narium,
381 3762 409 3812 B.
423 3761 444 3810 1.
464 3759 542 3810 Abth.
565 3760 588 3810 l.
608 3760 667 3825 Cap.
688 3759 710 3808 l.
737 3761 772 3808 Ει
790 3775 887 3810 suarm
906 3759 1037 3826 Apoloffiia
1054 3760 1123 3813 idem

131 3847 231 3899 abunde
251 3850 332 3912 patet.

165 3933 205 3998 (2)
226 3932 301 3997 Apol.
321 3932 343 3982 1.
365 3930 411 3990 12,
436 3931 475 3982 17.
495 3931 531 3980 ΙΙ.
554 3931 577 3977 l.

165 4019 205 4082 (3)
223 4019 409 4068 Traroarrrnca
420 4015 519 4064 inlibro
536 4016 567 4064 de
576 4013 780 4064 Resurrectiona
792 4014 884 4062 earnis
894 4013 993 4075 inquit:
1008 4013 1124 4068 Fiducia

135 4103 370 4161 Christianorum,
398 4101 561 4150 rerurrectio
586 4106 772 4158 mortomar,-
800 4098 857 4147 init.
885 4098 946 4148 itatn
963 4113 1079 4152 unsarans
1096 4105 1124 4153 in

132 4187 207 4254 Apol.
226 4188 261 4238 11.
282 4188 311 4237 (Ξ.
333 4186 373 4237 12.

961 4285 981 4346 6
