3010 5110
661 486 679 544 5

176 685 299 776 seriptis
321 675 373 762 eti
399 702 477 770 quae
495 679 544 744 his
566 677 744 758 nitebatur,
766 671 1041 746 christi'docnint
1062 705 1161 772 quae—

177 805 306 871 rendam
331 815 361 869 ct
385 798 601 866 inveniendam
622 822 708 882 esse,
732 821 804 864 eum
823 815 973 872 moneret.
1020 801 1161 878 lustinus

175 927 241 990 reri
259 921 438 990 inveniendi
461 921 553 1010 riam!
572 920 633 986 sihi
650 944 668 984 a
684 941 755 986 sene
772 933 974 986 monstratam
993 923 1159 1012 ingressus,

176 1042 401 1134 Prophetarum
411 1055 443 1109 et
451 1040 529 1106 haee
538 1041 629 1107 illave
637 1037 808 1106 'amicorum
815 1042 892 1107 lesu
901 1044 1033 1133 scripta,
1044 1057 1079 1110 ut
1088 1044 1159 1110 ride

63 1149 68 1160 ⁸
177 1177 248 1243 tur,
270 1163 362 1253 legit,
386 1163 518 1253 relegit,
538 1160 704 1229 meditatus
720 1173 785 1244 est,
810 1183 882 1228 cnm
902 1160 1160 1254 Philosophorum

175 1283 297 1372 placitis
329 1283 540 1372 compararit,
572 1305 609 1348 eo
622 1280 765 1372 :quidem
793 1303 953 1362 successu,
978 1296 1013 1349 ut
1039 1286 1160 1374 cognita

179 1401 373 1470 Christianae
390 1402 548 1470 doctrinae
566 1403 752 1494 praestantial
762 1452 772 1484 ,
794 1400 917 1468 Christo
926 1425 1040 1469 nomen
1049 1404 1136 1472 daret
1148 1397 1160 1487 ‚¹

176 1525 210 1588 in
227 1522 299 1589 dies·
313 1524 410 1613 magis
425 1522 583 1614 magisque
601 1524 631 1588 ci
655 1521 860 1604 adhaereret,
890 1526 1018 1615 ejusque
1040 1524 1161 1630 doctri-

139 1643 142 1650 ’
177 1665 272 1725 nam,
296 1643 465 1735 perennem
484 1643 622 1710 veritatis
642 1656 674 1709 et
691 1641 850 1726 felicitatis
868 1645 987 1711 fontem
1005 1637 1160 1738 esse‘per-
1203 1645 1205 1648 ’

179 1763 332 1842 sentiens,
378 1765 458 1829 vital.
478 1765 664 1854 exprimeret
672 1761 687 1846 ,’
715 1763 899 1855 scriptisque
923 1765 1103 1835 defenderet
1131 1784 1161 1836 et

178 1883 411 1950 commendaret
435 1883 497 1973 (1).

179 2035 181 2042 ·
224 2004 314 2070 Anno
344 2004 468 2070 circiter
501 2008 564 2071 169
594 2029 613 2070 a
638 2003 803 2072 Crescente
822 2003 939 2096 Cynico
952 2025 968 2088 ,'
996 2009 1101 2076 hostili
1130 2013 1163 2076 in
1279 1990 1280 1993 Ἴ

177 2125 336 2191 lustinum
367 2125 473 2192 animo
504 2125 636 2207 allecto,
669 2123 818 2192 ad‘urbis
839 2127 1039 2200 Praefectum
1052 2131 1162 2198 Rusti-

64 2285 67 2291 ·
179 2267 252 2310 curn
271 2221 320 2334 (2)
348 2244 466 2311 delatus
484 2257 517 2312 et
535 2246 603 2312 Diis
623 2246 732 2335 patriis
748 2243 922 2314 sacrificare
943 2243 1172 2346 continuere-1

179 2375 307 2444 nutans,
340 2378 440 2430 morte
457 2365 632 2431 ‘muletatus
655 2379 722 2448 est,
746 2366 829 2434 unde
849 2366 1025 2456 Martyris
1039 2393 1161 2460 ¹cogno-

181 2508 253 2550 men
275 2485 359 2554 tulit.
596 2477 598 2480 ⁵

226 2605 316 2691 Quod
334 2605 374 2672 ad
392 2607 415 2673 J
417 2607 509 2691 ustini
528 2605 664 2675 indolem
687 2609 819 2690 attinet,
844 2631 879 2674 er
898 2610 1020 2700 scriptis
1036 2610 1159 2700 liquet,
1206 2660 1207 2666 κ

178 2727 224 2792 nil
252 2748 324 2793 eum
351 2727 445 2793 nimis
474 2726 605 2794 arduum
631 2742 774 2820 putasse,
810 2751 871 2819 qno
900 2743 932 2796 et
958 2729 1025 2819 ipsc
1051 2753 1160 2798 rerum

179 2845 318 2928 rideret,
339 2860 371 2912 et
400 2847 455 2912 alii
480 2861 516 2915 ut
543 2848 706 2930 riderent,
740 2863 864 2915 curaret
876 2873 887 2931 ;
912 2851 1001 2917 si'rnul
1022 2853 1100 2940 justi
1130 2867 1161 2920 et

126 2969 129 2974 ’
180 2965 301 3034 honesti
327 2981 485 3045 tenacem,
514 2969 598 3036 uude
618 2943 704 3036 suain
726 2971 947 3060 professionem
966 2995 1088 3039 rnorum
1108 2975 1162 3039 in-

183 3087 326 3176 tegritate
343 3089 491 3171 ornabat,
516 3112 575 3155 nec
599 3090 726 3180 injurias
750 3089 831 3156 ferre
848 3089 1002 3180 poterat.¹
1029 3093 1161 3162 Virtutis

180 3230 285 3274 amore
304 3206 443 3290 ductus,'
454 3223 485 3276 et
507 3207 623 3276 christi
642 3208 816 3276 doctrinam
835 3233 939 3276 reram
957 3211 997 3277 ad
1014 3214 1162 3282 virtutem

180 3327 293 3394 ducem
311 3352 524 3420 ,cognoscenm
557 3353 616 3396 nec
639 3330 733 3398 minis
760 3353 818 3398 nec
839 3332 997 3424 promissis
1014 3335 1162 3426 impediri

180 3462 321 3540 poterat,
342 3449 505 3539 quominus
524 3451 609 3518 omni
623 3452 742 3518 ratione
757 3453 817 3520 Dei
831 3466 863 3520 et
879 3452 997 3522 christi
1011 3455 1161 3556 honorem

180 3583 359 3659 quaereret,
384 3567 501 3638 Christi
524 3569 697 3639 doctrinam
716 3573 818 3640 ubivis
837 3575 944 3642 coram
959 3576 1160 3668 Imperatori·

208 3944 247 4011 (l)
264 3947 303 3995 Gt.
322 3943 483 3994 ruorrrurll.
505 3942 538 3994 n.
559 3941 603 3992 lV.
627 3942 668 3993 ll.
697 3943 724 3992 ln
749 3942 809 3995 line.
853 3947 946 3996 Romae
969 3946 1013 3994 dlu
1040 3934 1182 4003 habiture

177 4030 286 4084 ridetur.

207 4115 247 4184 (2)
265 4118 312 4167 llio
329 4118 413 4168 omnia
427 4115 494 4182 apud
508 4117 690 4181 Imperatorem
707 4115 823 4180 valebat3
841 4118 876 4167 cl.
892 4133 975 4169 ruerus
990 4135 1165 4186 narrarentur,

177 4201 236 4268 Cep.
256 4204 282 4256 3.
302 4219 359 4270 paq.
377 4204 420 4253 dl.
450 4203 517 4253 nott.
539 4203 649 4268 Bipoot.
673 4203 774 4268 Sorlpt.
796 4204 859 4254 hiat.
878 4201 944 4267 Auo.
