2978 5106
609 467 649 530 tt

190 663 227 732 In
254 664 414 731 Plutonem
442 662 576 728 maxime
602 675 635 729 et
659 659 857 728 Aristotelem
876 662 1004 732 invehit.
1053 665 1119 733 Nee

142 787 259 852 mirum
297 785 348 852 oui
376 783 538 865 videntur,
572 783 597 850 si
625 796 660 850 ut
689 781 729 850 de
745 763 953 874 'philosophis
980 785 1122 852 universe

142 907 187 974 ito
205 905 246 972 de
261 907 389 974 Plutone
405 904 613 972 morirnotom
623 925 763 995 perverse
769 903 959 994 judicaverit
967 905 988 971 J
991 907 1120 975 ustinus.

141 1026 326 1116 Requiritur
344 1025 430 1091 enirn
442 1073 452 1106 ,
471 1037 506 1092 ut
526 1023 663 1092 reeteeit
674 1023 907 1090 Tennemonnus
918 1073 928 1104 ,
941 1025 986 1112 (1)
998 1023 1037 1089 ad
1046 1025 1121 1091 Pla:-

140 1159 247 1214 tonenr
265 1143 522 1237 intelligendum,
546 1144 704 1236 ingenium
720 1118 1121 1212 Pleioniinrmortulioffine

139 1281 173 1334 et
198 1280 374 1358 cognatum.
395 1268 495 1353 Quom
514 1267 624 1357 pruoi,
643 1287 779 1356 quaeso,
797 1265 881 1332 omni
901 1267 1122 1356 temporePlo·

140 1401 247 1456 touem
274 1389 355 1470 bene
383 1385 613 1478 intellexerunt,
638 1400 670 1453 et
688 1385 727 1452 de
746 1387 870 1478 pretio,
892 1409 964 1452 oum
982 1400 1122 1454 veterum

140 1508 400 1600 philosophorum
431 1507 553 1598 seriptis
585 1507 727 1574 universe
755 1521 824 1575 tum
851 1507 986 1573 Platonis
1014 1507 1123 1597 singn-

140 1630 231 1696 latim
251 1627 440 1710 tribuendo,
461 1651 496 1694 er
515 1647 616 1718 nequo
630 1626 829 1718 judicarunt!
863 1629 913 1693 An
930 1628 1046 1692 mirum
1065 1649 1122 1693 oe-

141 1747 249 1830 eidet,
268 1748 447 1829 Justinurn,
469 1771 566 1838 quum
575 1745 693 1837 ubique
702 1748 735 1813 in
744 1746 1001 1838 Philosophorum
1013 1723 1125 1816 scholis

142 1868 266 1937 delusus
282 1840 383 1951 esset,
403 1883 436 1936 et
455 1867 569 1934 deinde
586 1867 766 1949 hominem,
788 1868 813 1934 si
833 1867 983 1936 derebus
1002 1867 1124 1936 Divinis

140 1987 203 2055 rite
232 1987 344 2055 dooere
371 1989 467 2070 relit,
491 1989 639 2056 divinitus
657 1987 871 2080 inspirandum
891 2011 976 2070 esse,
998 1991 1045 2079 (2)
1063 1990 1124 2056 sibi

141 2107 254 2174 intimo
274 2110 492 2199 persuasisset3
519 2133 616 2201 quum
634 2109 834 2201 philosophos
848 2110 922 2177 istos
936 2110 1030 2178 nimis
1039 2111 1124 2202 opud

143 2226 297 2294 Ethnioos
325 2213 508 2298 anctoritate
535 2232 637 2298 volere
664 2231 818 2312 novisset,
843 2254 936 2322 quom
956 2244 991 2299 ut
1010 2231 1045 2298 hi
1063 2233 1125 2299 iilis

142 2347 354 2416 roiedioerent
380 2363 413 2417 et
436 2351 580 2441 religioni
599 2349 791 2418 Christianae
809 2373 922 2417 nonren
941 2350 1071 2434 dorent3
1085 2375 1124 2418 on

141 2469 414 2552 mirumoeoidet,
439 2471 567 2562 inquom
578 2473 649 2560 (3),
672 2472 831 2539 Justinunr
842 2519 852 2552 ,
863 2471 1125 2564 quisoriptnphi-

142 2589 344 2680 losophornm
378 2613 442 2659 non
478 2591 651 2659 adrerum
680 2589 899 2658 inveniendum
926 2592 980 2660 sed
1005 2592 1046 2658 od
1074 2614 1126 2660 eos

144 2709 332 2779 refellendos
341 2709 581 2794 ·odiret,minus
601 2713 734 2803 benigne
753 2712 793 2778 de
812 2713 849 2780 iis
860 2713 1023 2781 statuisse?
1043 2713 1126 2799 Quo·

143 2835 273 2921 propter
308 2852 345 2897 er
381 2853 455 2900 uero
484 2834 587 2924 ipsum
616 2832 853 2924 dijudicandum
887 2847 919 2901 et
949 2857 1006 2926 pro
1035 2847 1126 2926 parte

144 2950 352 3018 excusandum
376 2965 541 3043 putemus,
565 2954 732 3045 praecipue
757 2955 813 3021 ubi
830 2953 871 3020 od
892 2955 1056 3022 eonsilium
1074 2967 1127 3022 ut-

142 3069 312 3154 tmdotur,
337 3097 399 3164 quo
419 3074 604 3157 duceretur,
625 3076 710 3166 quod
728 3075 815 3142 uliud
841 3099 904 3143 non
924 3089 1011 3157 erat,
1032 3097 1127 3167 qnam

140 3205 180 3260 ut
208 3192 282 3260 istos
308 3193 510 3286 Philosophos
537 3196 619 3262 inter
644 3218 676 3262 se
699 3196 744 3262 itu
762 3195 973 3264 dissentientes
994 3209 1025 3263 et
1043 3196 1128 3264 fluo·
1177 3275 1179 3280 ¹
1281 3284 1290 3301 x

143 3327 288 3398 tuentes,
328 3340 391 3383 non
411 3319 467 3402 ‚eo
503 3316 648 3383 exhibere
659 3367 670 3398 ,
701 3339 782 3407 quoe
818 3315 960 3383 homines
997 3339 1128 3408 quaere-

140 3449 233 3518 rent,
274 3458 333 3502 neo
367 3436 445 3506 odeo
469 3459 560 3506 verne
588 3437 745 3530 religionis
774 3437 873 3506 fontes
902 3438 1014 3506 haberi
1040 3460 1130 3530 posse

144 3557 293 3648 probaret
305 3556 367 3648 (4).

172 3841 215 3908 (l)
235 3841 379 3908 ὅμοια,
402 3841 478 3893 l'fh.
493 3857 559 3916 'pesp
584 3839 712 3892 rot-164.

83 3966 88 3976 ,
175 3926 215 3990 (2)
236 3929 363 3987 Cernere,
383 3943 442 3992 pag.
460 3927 504 3976 81.
599 3927 605 3937 “

173 4009 215 4077 (3)
231 4011 271 4062 cf.
300 4027 424 4072 aenou,
452 4025 510 4078 pag.
529 4009 619 4074 iioqq.
662 4009 830 4072 Tenentur,
861 4007 953 4060 Greek.
985 4009 1032 4058 der
1051 4007 1129 4076 Apol.

139 4111 200 4162 pag.
216 4094 270 4146 419
287 4111 329 4160 oq.

174 4179 216 4248 (4)
234 4181 292 4248 ipre
306 4181 357 4232 hoo
377 4181 477 4248 ereptus
495 4180 522 4230 in
544 4178 652 4230 Goiort.
670 4177 776 4230 iudicet.
