3010 5110
670 438 772 500 37*

245 635 314 722 Quo
333 635 429 726 magis
451 654 523 700 aero
541 629 787 708 Christianorum
807 632 1008 723 sapientiam,
1029 635 1112 725 quod
1130 655 1177 704 ta-

199 751 244 821 les
273 757 355 822 Deos
383 777 441 820 nec
468 765 666 844 agnoscerent
693 773 752 818 nec
778 753 934 832 colerent,
971 754 1175 824 Ethniccrum

200 887 307 942 eontra
333 875 494 942 stultitiam
514 886 545 942 et
565 873 758 964 impietatem
778 873 811 938 in
834 874 903 940 lucc
929 874 1079 956 collocet,
1103 891 1176 966 apte

201 993 269 1062 Dea·
282 997 381 1060 unios
403 994 668 1063 Camunnorum
690 993 811 1059 adram
831 995 1036 1084 opporait(l);
1060 997 1177 1089 quippe

139 1131 148 1154 ⁸
201 1137 279 1205 quos
296 1116 388 1182 talam
403 1115 505 1183 Deum
524 1135 686 1204 agnoscere
705 1126 737 1180 ct
754 1113 856 1179 colere
878 1114 1028 1195 ostendit,
1055 1119 1177 1206 qualem

200 1233 280 1301 ratio
308 1235 426 1301 exculta
450 1258 513 1300 non
530 1247 630 1324 potest
648 1256 710 1299 non
730 1255 823 1322 quarn
842 1234 975 1301 maxime
992 1237 1175 1326 approbare.

201 1355 239 1421 ln
271 1356 332 1422 Ilei
360 1355 499 1435 unitate,
529 1368 563 1422 ut
591 1355 683 1420 facile
710 1354 913 1444 intelligitur,
942 1354 1176 1422 demonstranda

199 1475 333 1540 maxime
368 1473 508 1565 copiosus
547 1486 611 1544 est:
655 1473 695 1538 ad
723 1473 805 1540 hanc
840 1473 1053 1565 probandam,
1081 1499 1176 1566 argu-

198 1597 338 1662 mentum
361 1594 453 1685 petiit
481 1617 516 1660 er
535 1615 640 1660 rerum
659 1606 791 1674 natura,
812 1593 927 1684 inqua
948 1595 1050 1661 omnia
1071 1617 1108 1662 eo
1126 1620 1176 1662 or·
1219 1685 1221 1690 Ι

199 1713 272 1780 (line
301 1728 371 1782 sunt
400 1713 567 1804 disposita,
595 1727 629 1780 ut
656 1736 752 1780 uuum
781 1715 919 1790 omnium
938 1729 1093 1782 auctorem
1114 1739 1177 1786 esse

198 1835 352 1916 clament;
385 1833 469 1924 quod
496 1847 600 1902 tamen
629 1846 866 1924 argumentum,
896 1847 931 1900 ut
947 1834 1087 1904 lustinus
1106 1860 1178 1904 sae·-

199 1955 269 2046 piua
288 1955 391 2022 iacere
409 1954 503 2036 solet,
521 1953 617 2020 aerbo
637 1966 756 2020 tantum
776 1953 899 2044 attigit,
924 1955 1071 2022 festinans
1089 1958 1176 2045 quasi

199 2073 240 2140 ad
258 2088 473 2165 argumentum
492 2077 581 2142 suum
599 2096 635 2140 er
654 2075 751 2164 ipsis,
767 2097 844 2163 quos
858 2072 1175 2158 Ethuicihabebant,

199 2195 356 2286 religionis
374 2195 510 2262 fontibus
530 2192 758 2275 evincendum,
781 2193 821 2260 de
836 2195 949 2284 quibus
963 2217 1032 2262 mor
1051 2194 1176 2293 ridebi-

198 2337 280 2386 mus.
309 2315 374 2384 Ubi
390 2313 429 2380 de
439 2313 685 2382 Christianorum
696 2314 763 2380 Deo
773 2314 929 2403 agit,rron
949 2327 1070 2381 tantum
1080 2339 1176 2384 unum

199 2458 263 2502 ease
292 2436 424 2526 probat,
449 2457 555 2504 rerum
582 2435 676 2502 etiam
696 2435 835 2502 omnium
859 2457 963 2502 rerum
983 2450 1174 2520 creatorem,

201 2553 458 2645 gubernatorem,
477 2555 627 2622 ineffabili
647 2555 795 2635 nomine,
812 2555 914 2620 sormi
933 2567 965 2621 et
978 2557 1073 2656 δόξῃ,
1094 2558 1173 2624 inri-

156 2689 159 2694 '
198 2673 341 2757 sibilum,
357 2679 494 2766 justum,
513 2676 721 2758 omniscium,
741 2676 792 2744 cui
812 2676 917 2742 omnia
936 2676 1089 2758 serviunt,
1113 2701 1174 2746 non

151 2857 157 2870 .
198 2796 332 2864 victimis
357 2819 416 2864 nec
440 2797 665 2879 libationibus,
689 2796 742 2864 sed
761 2817 840 2887 pura
858 2817 895 2862 ac
912 2796 1054 2887 religiosa
1070 2811 1175 2866 mente

198 2915 361 2984 colendum
373 2966 383 2998 ,
411 2940 483 2998 eos,
516 2919 571 3008 qui
598 2918 727 2986 virtutes
751 2941 818 2984 suas
841 2915 960 2984 divinas
977 2917 1094 2984 imitari
1111 2932 1174 2986 stu·

196 3035 293 3118 dent,
326 3059 420 3128 quam
437 3039 569 3104 maxime
587 3037 779 3128 diligentem.
802 3021 850 3106 lta
868 3037 1076 3129 plerumque,
1096 3062 1174 3129 quo-

195 3158 294 3248 magis
322 3157 563 3226 adversariorum
583 3172 719 3226 mentem
737 3171 874 3248 pungat,
893 3156 932 3224 de
953 3157 1083 3226 Summo
1101 3159 1173 3226 Nu·

194 3279 302 3361 mine,
334 3293 402 3370 post
430 3280 605 3370 turpissima
631 3278 718 3346 loris
741 3277 875 3344 facinora
904 3276 988 3343 haud
1012 3279 1077 3344 sine
1096 3279 1173 3346 irri-

194 3399 281 3466 sione
306 3401 479 3491 proposita,
496 3400 654 3490 loquitur;
676 3397 716 3464 de
736 3396 886 3464 industria
904 3399 980 3465 tales
998 3398 1058 3464 Dei
1077 3399 1174 3466 riatu-

110 3529 115 3538 '
195 3531 240 3585 tes
258 3519 421 3604 exhibens,
446 3543 542 3610 quae,
562 3533 690 3588 naturae
706 3518 836 3586 Divinae
853 3518 986 3584 maxime
1001 3493 1191 3610 congruae,

191 3659 268 3704 eum
287 3663 305 3704 a
324 3663 395 3706 sana
415 3639 534 3708 ratione
554 3638 855 3730 erant-probandae,
876 3652 943 3705 turn
954 3639 1091 3704 Deorum
1102 3639 1172 3704 cul·

196 3770 262 3824 tum
281 3781 342 3825 non
359 3773 503 3850 poterant
520 3783 580 3828 non
600 3784 693 3852 quam
710 3761 843 3826 maxime
856 3759 1042 3826 labefactare
1054 3781 1062 3840 ;
1076 3781 1173 3848 quum

97 3931 102 3940 .
188 3877 332 3946 lusunus
350 3880 543 3948 sublimiores
562 3881 601 3948 de
620 3904 681 3948 uno
700 3903 800 3972 eoque
820 3901 938 3948 summe
953 3878 1090 3970 perfecto
1106 3879 1173 3948 Dea

212 4057 220 4064 μ
270 4057 299 4065 ..-
310 4056 555 4066 ...μ-..ι--ιοι-

224 4115 264 4210 (ι)Ι
283 4099 357 4210 apia.
380 4143 402 4194 1.
425 4143 472 4203 ro.
496 4143 535 4194 ra.
560 4141 594 4190 rr.
615 4143 645 4202 a,
668 4141 728 4192 erret
744 4139 851 4207 neptus.
