3016 5108
856 469 896 528 22

396 665 538 755 superbit
557 663 649 728 nimrs
665 661 895 741 retinebantur,
919 673 986 752 quo
999 664 1101 730 miuus
1119 687 1136 728 e
1154 664 1277 731 duduco
1294 689 1367 756 pro-

395 787 509 858 iectum
525 783 679 878 religionis
695 781 871 852 doctricem
889 805 1018 873 eumque
1039 783 1208 874 omnigenis
1227 785 1368 854 homini-

394 907 452 972 bus
471 925 565 970 unum
581 901 791 992 eandemque,
813 902 951 993 chaoque
970 904 1011 970 ob
1030 925 1156 986 mum,
1178 905 1365 996 reciperent.

394 1026 509 1094 Omnes
516 1023 650 1094 nimium
658 1022 850 1113 philosophis
859 1023 920 1090 suis
929 1017 1209 1114 placitise'tscholis
1222 1075 1233 1108 ‚
1252 1049 1365 1118 super-

391 1147 531 1227 bientes,
561 1143 743 1233 religionem
771 1141 980 1212 Christianum
1003 1159 1034 1212 ct
1053 1146 1133 1237 ipsos
1152 1144 1365 1230 Christianos,

390 1291 410 1331 c
438 1266 550 1356 quibus
574 1263 661 1330 hand
686 1285 756 1330 roro
782 1264 919 1332 ludibrio
934 1267 1164 1364 erponehsntur
1183 1267 1254 1356 (1),
1279 1270 1364 1335 omni

391 1385 485 1453 modo
505 1383 780 1475 aggrediebantur,
803 1385 966 1475 gentilium
985 1399 1091 1454 conus
1109 1387 1251 1477 religioni
1269 1409 1365 1479 ergu-

392 1507 503 1574 mentis
521 1504 712 1598 philosophis
722 1518 758 1572 ct
775 1505 929 1574 historicis
946 1508 1159 1574 auctoritorem
1177 1520 1209 1574 et
1224 1505 1365 1598 dignitu-

392 1643 455 1696 tem
493 1649 603 1722 parere
636 1627 847 1707 conabuntur,
871 1627 934 1715 (2),

435 1749 481 1816 llx
500 1749 665 1838 his‚.quec
682 1747 826 1817 universe
843 1759 964 1815 tuntum
977 1748 1072 1814 verbo
1090 1746 1363 1830 adumbravimus,

390 1881 517 1959 petent,
541 1869 648 1958 queli's
674 1891 722 1934 reo
746 1866 921 1936 Christiano
946 1867 1131 1948 haberetur,
1166 1867 1316 1960 aquibus
1330 1883 1365 1935 et
1484 1853 1486 1862 ¹

389 1991 431 2056 oh
457 2011 533 2080 quus
561 2011 666 2056 censes
698 2001 967 2069 contemneretur,
1000 2002 1195 2080 sperneretur
1213 2002 1253 2067 et
1274 2002 1363 2079 pete-

367 2123 484 2184 retur.
530 2107 694 2176 Gemmeus
716 2122 784 2174 erut
807 2121 950 2198 apertum
969 2107 1048 2175 inter
1069 2107 1259 2176 Christianos
1277 2109 1363 2174 omni

387 2229 507 2303 setene
526 2241 658 2298 tentatos
674 2241 708 2295 ot
727 2228 850 2318 plebem
865 2251 927 2297 non
944 2241 1084 2310 tentum,
1102 2251 1210 2297 rerum
1230 2243 1262 2296 et
1280 2230 1362 2297 viros

384 2349 546 2439 potentie,
577 2349 760 2416 auemritute
790 2361 823 2414 et
848 2347 989 2418 doctrici
1013 2351 1116 2416 omnis
1141 2351 1286 2419 valentes.
1315 2387 1362 2402 -

385 2468 525 2536 Justinus
554 2481 660 2535 conus
687 2467 762 2536 tales
791 2489 858 2535 rem
883 2467 1089 2542 Christianum
1110 2471 1169 2538 sihi
1191 2470 1362 2540 defenden-

384 2588 460 2654 dum
479 2589 594 2669 sumit,
623 2601 655 2655 ct
673 2588 714 2654 eh
732 2586 863 2672 iisdem,
892 2612 927 2658 re
948 2588 1120 2658 Christiani
1138 2592 1269 2658 huconi
1286 2615 1360 2682 prc-

279 2703 280 2706 '
384 2710 474 2788 batt,
489 2697 641 2774 idolorum
659 2708 753 2781 finem
769 2722 801 2776 et
814 2709 1009 2780 tolerantium
1026 2711 1194 2801 impetrare
1208 2725 1357 2800 wueturr,

383 2825 563 2916 usquehuc
581 2839 723 2909 tanum,
746 2851 853 2896 verum
869 2842 902 2896 et
919 2829 954 2895 id
972 2831 1053 2921 ugit,
1079 2844 1114 2898 ut
1137 2831 1198 2921 ipsi
1227 2832 1274 2898 illi
1301 2831 1358 2897 ad-

383 2947 509 3014 versarii
528 2967 633 3014 omues
658 2940 864 3018 Christianum
881 2949 1060 3038 religionem
1078 2951 1264 3041 reciperent.
1311 2951 1378 3016 lln·

384 3067 497 3158 duplex
523 3067 709 3150 consilium,
742 3093 805 3160 quo
822 3070 963 3138 Justinus
981 3072 1016 3144 iu
1034 3071 1181 3161 operibus
1201 3071 1262 3140 suis
1278 3093 1357 3138 con·-

345 3191 349 3198 '
384 3188 554 3256 scribendis
581 3188 717 3258 ducitur.
773 3191 951 3281 Utrumque
978 3191 1039 3262 hcc
1066 3194 1264 3281 conjunctum
1289 3213 1357 3257 cer-

384 3309 469 3377 nitur
507 3311 541 3376 in
572 3312 638 3399 ejus
664 3309 784 3401 seriptis
810 3312 880 3400 (3),
919 3313 953 3380 rit
984 3312 1100 3380 nescius
1134 3313 1220 3394 lere,
1253 3325 1358 3380 utrum

411 3657 452 3728 (1)
470 3653 512 3708 Cl.
532 3673 557 3716 v.
577 3673 601 3713 c.
619 3673 717 3714 ruscius
734 3655 843 3724 Apolcq.
863 3657 911 3720 11,
931 3659 991 3722 Cup.
1011 3659 1037 3712 8.

411 3743 451 3808 (2)
469 3743 606 3803 llrrrnn,
625 3741 644 3792 l.
664 3760 688 3792 c.
707 3758 765 3808 peg.
784 3742 816 3790 31
836 3756 893 3804 sqq.
912 3745 939 3789 et
956 3739 1008 3788 248
1025 3754 1082 3802 sqq.

411 3825 451 3894 (3)
467 3827 501 3876 nt
520 3841 596 3892 supro
621 3825 742 3888 diximus,
771 3827 824 3873 tres
846 3823 946 3873 libellos
972 3821 1003 3871 de
1031 3820 1155 3872 industrie
1179 3820 1230 3869 hee
1258 3819 1365 3870 oonsilio

378 3911 488 3977 scripsit.
505 3911 569 3959 Hinc
587 3909 840 3978 explicetur-quoque
848 3895 864 3966 ,Ι
877 3921 955 3970 quere
965 3906 992 3954 in
1002 3905 1133 3970 Apologiis
1143 3904 1196 3952 suis
1203 3903 1302 3967 singulo
1312 3903 1366 3952 lere

376 3995 471 4060 placitu
485 3995 609 4060 explicet,
625 4007 763 4054 eorumque
778 4007 839 4056 pree
853 3989 1061 4056 philosophorum
1077 3989 1177 4054 placitis
1185 3987 1366 4053 praestantium

376 4079 489 4140 indicet;
505 4095 537 4128 ue
552 4078 633 4130 dicem
642 4076 770 4129 lustinum
785 4075 926 4141 ipsumhoc
944 4073 1077 4123 consilium
1090 4073 1117 4120 in
1126 4071 1365 4138 Apologiisdisertio

374 4163 457 4212 verbis
473 4163 601 4223 indicere,
623 4164 689 4216 conl.
700 4178 723 4212 r.
735 4179 758 4214 c.
771 4160 846 4228 Apol.
860 4161 888 4212 ll
902 4195 910 4222 ,
925 4161 972 4222 13,
993 4175 1068 4224 quem
1084 4158 1213 4226 scripsisse
1229 4175 1255 4212 se
1266 4160 1318 4220 rit,
1336 4165 1364 4208 ut
