<?xml version="1.0" encoding="UTF-8"?>
<!DOCTYPE html PUBLIC "-//W3C//DTD XHTML 1.0 Transitional//EN"
    "http://www.w3.org/TR/xhtml1/DTD/xhtml1-transitional.dtd">
<html xmlns="http://www.w3.org/1999/xhtml" xml:lang="en" lang="en">
 <head>
  <title>
</title>
<meta http-equiv="Content-Type" content="text/html;charset=utf-8" />
  <meta name='ocr-system' content='tesseract 3.04.00' />
  <meta name='ocr-capabilities' content='ocr_page ocr_carea ocr_par ocr_line ocrx_word'/>
</head>
<body>
  <div class='ocr_page' id='page_1' title='image "./dejustinomartyr00junigoog_0110.png"; bbox 0 0 2978 5106; ppageno 0'>
   <div class='ocr_carea' id='block_1_1' title="bbox 834 461 877 524">
    <p class='ocr_par' dir='ltr' id='par_1_1' title="bbox 834 461 877 524">
     <span class='ocr_line' id='line_1_1' title="bbox 834 461 877 524; baseline 0 0"><span class='ocrx_word' id='word_1_1' title='bbox 834 461 877 524; x_wconf 83' lang='lat'><strong>96</strong></span> 
     </span>
    </p>
   </div>
   <div class='ocr_carea' id='block_1_2' title="bbox 316 657 1470 3999">
    <p class='ocr_par' dir='ltr' id='par_1_2' title="bbox 364 657 1341 988">
     <span class='ocr_line' id='line_1_2' title="bbox 364 657 1339 748; baseline -0.003 -17"><span class='ocrx_word' id='word_1_2' title='bbox 364 661 551 739; x_wconf 89' lang='lat' dir='ltr'><strong>eriminum,</strong></span> <span class='ocrx_word' id='word_1_3' title='bbox 576 679 655 748; x_wconf 85' lang='lat' dir='ltr'><strong>quae</strong></span> <span class='ocrx_word' id='word_1_4' title='bbox 673 658 710 722; x_wconf 90' lang='lat' dir='ltr'><strong>iis</strong></span> <span class='ocrx_word' id='word_1_5' title='bbox 728 657 975 748; x_wconf 86' lang='lat' dir='ltr'><strong>objiciebantur,</strong></span> <span class='ocrx_word' id='word_1_6' title='bbox 992 679 1054 724; x_wconf 87' lang='lat' dir='ltr'><strong>non</strong></span> <span class='ocrx_word' id='word_1_7' title='bbox 1072 679 1140 726; x_wconf 87' lang='lat' dir='ltr'><strong>reos</strong></span> <span class='ocrx_word' id='word_1_8' title='bbox 1160 673 1339 743; x_wconf 76' lang='lat' dir='ltr'>censerent,</span> 
     </span>
     <span class='ocr_line' id='line_1_3' title="bbox 365 776 1339 862; baseline 0 -12"><span class='ocrx_word' id='word_1_9' title='bbox 365 797 470 850; x_wconf 87' lang='lat' dir='ltr'><strong>tamen</strong></span> <span class='ocrx_word' id='word_1_10' title='bbox 496 777 618 846; x_wconf 90' lang='lat' dir='ltr'><strong>eosdem</strong></span> <span class='ocrx_word' id='word_1_11' title='bbox 646 778 729 844; x_wconf 85' lang='lat' dir='ltr'><strong>ritae</strong></span> <span class='ocrx_word' id='word_1_12' title='bbox 753 777 856 844; x_wconf 88' lang='lat' dir='ltr'><strong>sociali</strong></span> <span class='ocrx_word' id='word_1_13' title='bbox 876 778 978 846; x_wconf 91' lang='lat' dir='ltr'><strong>minus</strong></span> <span class='ocrx_word' id='word_1_14' title='bbox 1001 776 1147 859; x_wconf 87' lang='lat' dir='ltr'><strong>idoneos,</strong></span> <span class='ocrx_word' id='word_1_15' title='bbox 1171 780 1339 862; x_wconf 86' lang='lat' dir='ltr'><strong>fanaticos,</strong></span> 
     </span>
     <span class='ocr_line' id='line_1_4' title="bbox 364 897 1341 988; baseline 0 -20"><span class='ocrx_word' id='word_1_16' title='bbox 364 902 525 968; x_wconf 88' lang='lat' dir='ltr'><strong>hominum</strong></span> <span class='ocrx_word' id='word_1_17' title='bbox 556 911 587 964; x_wconf 88' lang='lat' dir='ltr'><strong>et</strong></span> <span class='ocrx_word' id='word_1_18' title='bbox 614 897 740 988; x_wconf 88' lang='lat' dir='ltr'><strong>imperii</strong></span> <span class='ocrx_word' id='word_1_19' title='bbox 764 897 855 965; x_wconf 88' lang='lat' dir='ltr'><strong>saluti</strong></span> <span class='ocrx_word' id='word_1_20' title='bbox 879 897 1087 988; x_wconf 89' lang='lat' dir='ltr'><strong>pemicioscs,</strong></span> <span class='ocrx_word' id='word_1_21' title='bbox 1118 900 1181 967; x_wconf 90' lang='lat' dir='ltr'><strong>imo</strong></span> <span class='ocrx_word' id='word_1_22' title='bbox 1199 900 1268 967; x_wconf 86' lang='lat' dir='ltr'><strong>Diis</strong></span> <span class='ocrx_word' id='word_1_23' title='bbox 1288 901 1341 968; x_wconf 89' lang='lat' dir='ltr'><strong>in·</strong></span> 
     </span>
    </p>

    <p class='ocr_par' dir='ltr' id='par_1_3' title="bbox 316 1015 1342 1467">
     <span class='ocr_line' id='line_1_5' title="bbox 316 1015 1341 1111; baseline -0.002 -23"><span class='ocrx_word' id='word_1_24' title='bbox 316 1021 321 1030; x_wconf 84' lang='lat'>&#39;</span> <span class='ocrx_word' id='word_1_25' title='bbox 363 1022 441 1088; x_wconf 85' lang='lat' dir='ltr'><strong>risos</strong></span> <span class='ocrx_word' id='word_1_26' title='bbox 460 1018 633 1110; x_wconf 85' lang='lat' dir='ltr'><strong>putabant3</strong></span> <span class='ocrx_word' id='word_1_27' title='bbox 666 1015 750 1107; x_wconf 88' lang='lat' dir='ltr'><strong>quod</strong></span> <span class='ocrx_word' id='word_1_28' title='bbox 770 1031 961 1107; x_wconf 85' lang='lat' dir='ltr'><strong>postremum</strong></span> <span class='ocrx_word' id='word_1_29' title='bbox 984 1039 1021 1084; x_wconf 90' lang='lat' dir='ltr'><strong>co</strong></span> <span class='ocrx_word' id='word_1_30' title='bbox 1041 1019 1243 1086; x_wconf 82' lang='lat' dir='ltr'><strong>faciliussibi</strong></span> <span class='ocrx_word' id='word_1_31' title='bbox 1265 1043 1341 1111; x_wconf 88' lang='lat' dir='ltr'><strong>per-</strong></span> 
     </span>
     <span class='ocr_line' id='line_1_6' title="bbox 365 1119 1342 1232; baseline 0 -23"><span class='ocrx_word' id='word_1_32' title='bbox 365 1119 552 1217; x_wconf 78' lang='lat' dir='ltr'><strong>suadebant,</strong></span> <span class='ocrx_word' id='word_1_33' title='bbox 570 1159 684 1228; x_wconf 88' lang='lat' dir='ltr'><strong>quum,</strong></span> <span class='ocrx_word' id='word_1_34' title='bbox 697 1136 795 1228; x_wconf 88' lang='lat' dir='ltr'><strong>ipsam</strong></span> <span class='ocrx_word' id='word_1_35' title='bbox 806 1139 1016 1206; x_wconf 87' lang='lat' dir='ltr'><strong>Romanorum</strong></span> <span class='ocrx_word' id='word_1_36' title='bbox 1026 1140 1208 1230; x_wconf 76' lang='lat' dir='ltr'>religionem</span> <span class='ocrx_word' id='word_1_37' title='bbox 1218 1140 1342 1232; x_wconf 88' lang='lat' dir='ltr'><strong>imperii</strong></span> 
     </span>
     <span class='ocr_line' id='line_1_7' title="bbox 364 1255 1342 1351; baseline 0.003 -24"><span class='ocrx_word' id='word_1_38' title='bbox 364 1260 460 1351; x_wconf 76' lang='lat' dir='ltr'><strong>gloria</strong></span> <span class='ocrx_word' id='word_1_39' title='bbox 470 1258 683 1326; x_wconf 85' lang='lat' dir='ltr'><strong>confirmatam</strong></span> <span class='ocrx_word' id='word_1_40' title='bbox 693 1255 1088 1347; x_wconf 81' lang='lat' dir='ltr'><strong>reputantes,0hristiancs</strong></span> <span class='ocrx_word' id='word_1_41' title='bbox 1097 1261 1342 1344; x_wconf 80' lang='lat' dir='ltr'><strong>ceratos,aliiis</strong></span> 
     </span>
     <span class='ocr_line' id='line_1_8' title="bbox 364 1375 906 1467; baseline -0.002 -20"><span class='ocrx_word' id='word_1_42' title='bbox 364 1379 489 1447; x_wconf 91' lang='lat' dir='ltr'><strong>omnino</strong></span> <span class='ocrx_word' id='word_1_43' title='bbox 508 1377 646 1445; x_wconf 87' lang='lat' dir='ltr'><strong>desertos</strong></span> <span class='ocrx_word' id='word_1_44' title='bbox 663 1375 825 1444; x_wconf 78' lang='lat' dir='ltr'><strong>crederent</strong></span> <span class='ocrx_word' id='word_1_45' title='bbox 841 1378 906 1467; x_wconf 77' lang='grc' dir='ltr'><strong>Ι(1).</strong></span> 
     </span>
    </p>

    <p class='ocr_par' dir='ltr' id='par_1_4' title="bbox 365 1496 1344 2310">
     <span class='ocr_line' id='line_1_9' title="bbox 409 1496 1343 1589; baseline 0.002 -23"><span class='ocrx_word' id='word_1_46' title='bbox 409 1499 536 1589; x_wconf 74' lang='lat' dir='ltr'><strong>Singula</strong></span> <span class='ocrx_word' id='word_1_47' title='bbox 560 1496 637 1563; x_wconf 86' lang='lat' dir='ltr'><strong>haec</strong></span> <span class='ocrx_word' id='word_1_48' title='bbox 660 1496 790 1562; x_wconf 89' lang='lat' dir='ltr'><strong>crimina</strong></span> <span class='ocrx_word' id='word_1_49' title='bbox 818 1497 982 1587; x_wconf 79' lang='lat' dir='ltr'><strong>profligare</strong></span> <span class='ocrx_word' id='word_1_50' title='bbox 1005 1496 1089 1564; x_wconf 80' lang='lat' dir='ltr'><strong>hand</strong></span> <span class='ocrx_word' id='word_1_51' title='bbox 1118 1521 1190 1566; x_wconf 89' lang='lat' dir='ltr'><strong>sane</strong></span> <span class='ocrx_word' id='word_1_52' title='bbox 1211 1498 1343 1568; x_wconf 87' lang='lat' dir='ltr'><strong>arduum</strong></span> 
     </span>
     <span class='ocr_line' id='line_1_10' title="bbox 365 1614 1344 1711; baseline 0.002 -25"><span class='ocrx_word' id='word_1_53' title='bbox 365 1617 582 1698; x_wconf 85' lang='lat' dir='ltr'><strong>erstJustinc,</strong></span> <span class='ocrx_word' id='word_1_54' title='bbox 604 1617 659 1708; x_wconf 89' lang='lat' dir='ltr'><strong>qni</strong></span> <span class='ocrx_word' id='word_1_55' title='bbox 679 1615 717 1683; x_wconf 92' lang='lat' dir='ltr'><strong>de</strong></span> <span class='ocrx_word' id='word_1_56' title='bbox 730 1614 976 1684; x_wconf 78' lang='lat' dir='ltr'><strong>Christianorum</strong></span> <span class='ocrx_word' id='word_1_57' title='bbox 995 1618 1168 1686; x_wconf 79' lang='lat' dir='ltr'><strong>innocentii</strong></span> <span class='ocrx_word' id='word_1_58' title='bbox 1184 1641 1344 1711; x_wconf 70' lang='lat' dir='ltr'>persuasus</span> 
     </span>
     <span class='ocr_line' id='line_1_11' title="bbox 365 1737 1342 1830; baseline 0 -24"><span class='ocrx_word' id='word_1_59' title='bbox 365 1761 534 1830; x_wconf 88' lang='lat' dir='ltr'><strong>eorumque</strong></span> <span class='ocrx_word' id='word_1_60' title='bbox 561 1759 682 1804; x_wconf 90' lang='lat' dir='ltr'><strong>morum</strong></span> <span class='ocrx_word' id='word_1_61' title='bbox 706 1737 881 1828; x_wconf 77' lang='lat' dir='ltr'><strong>integritate</strong></span> <span class='ocrx_word' id='word_1_62' title='bbox 908 1750 1100 1820; x_wconf 87' lang='lat' dir='ltr'><strong>commotas,</strong></span> <span class='ocrx_word' id='word_1_63' title='bbox 1123 1737 1240 1807; x_wconf 77' lang='lat' dir='ltr'><strong>Christi</strong></span> <span class='ocrx_word' id='word_1_64' title='bbox 1258 1762 1342 1806; x_wconf 82' lang='lat' dir='ltr'><strong>saera</strong></span> 
     </span>
     <span class='ocr_line' id='line_1_12' title="bbox 366 1857 1343 1952; baseline -0.001 -25"><span class='ocrx_word' id='word_1_65' title='bbox 366 1872 535 1952; x_wconf 81' lang='lat' dir='ltr'><strong>receperat.</strong></span> <span class='ocrx_word' id='word_1_66' title='bbox 570 1859 652 1926; x_wconf 86' lang='lat' dir='ltr'><strong>Hine</strong></span> <span class='ocrx_word' id='word_1_67' title='bbox 676 1870 778 1925; x_wconf 86' lang='lat' dir='ltr'><strong>erecta</strong></span> <span class='ocrx_word' id='word_1_68' title='bbox 797 1871 919 1938; x_wconf 88' lang='lat' dir='ltr'><strong>mente,</strong></span> <span class='ocrx_word' id='word_1_69' title='bbox 940 1857 1044 1926; x_wconf 89' lang='lat' dir='ltr'><strong>animo</strong></span> <span class='ocrx_word' id='word_1_70' title='bbox 1061 1860 1174 1926; x_wconf 90' lang='lat' dir='ltr'><strong>nullius</strong></span> <span class='ocrx_word' id='word_1_71' title='bbox 1191 1860 1267 1926; x_wconf 90' lang='lat' dir='ltr'><strong>mali</strong></span> <span class='ocrx_word' id='word_1_72' title='bbox 1285 1860 1343 1938; x_wconf 83' lang='lat' dir='ltr'><strong>sibi</strong></span> 
     </span>
     <span class='ocr_line' id='line_1_13' title="bbox 366 1979 1342 2071; baseline -0.004 -21"><span class='ocrx_word' id='word_1_73' title='bbox 366 1981 507 2062; x_wconf 89' lang='lat' dir='ltr'><strong>conscio,</strong></span> <span class='ocrx_word' id='word_1_74' title='bbox 533 1992 782 2071; x_wconf 75' lang='lat' dir='ltr'><strong>argumentorum</strong></span> <span class='ocrx_word' id='word_1_75' title='bbox 800 1979 890 2070; x_wconf 86' lang='lat' dir='ltr'><strong>copia</strong></span> <span class='ocrx_word' id='word_1_76' title='bbox 901 2028 911 2060; x_wconf 92' lang='lat'><strong><em>,</em></strong></span> <span class='ocrx_word' id='word_1_77' title='bbox 931 2001 1024 2069; x_wconf 88' lang='lat' dir='ltr'><strong>quam</strong></span> <span class='ocrx_word' id='word_1_78' title='bbox 1044 1979 1136 2048; x_wconf 75' lang='lat' dir='ltr'><strong>falsae</strong></span> <span class='ocrx_word' id='word_1_79' title='bbox 1155 1992 1256 2048; x_wconf 90' lang='lat' dir='ltr'><strong>essent</strong></span> <span class='ocrx_word' id='word_1_80' title='bbox 1274 1979 1342 2046; x_wconf 86' lang='lat' dir='ltr'><strong>illae</strong></span> 
     </span>
     <span class='ocr_line' id='line_1_14' title="bbox 366 2098 1344 2191; baseline -0.001 -22"><span class='ocrx_word' id='word_1_81' title='bbox 366 2101 616 2179; x_wconf 87' lang='lat' dir='ltr'><strong>criminationes,</strong></span> <span class='ocrx_word' id='word_1_82' title='bbox 631 2098 789 2166; x_wconf 83' lang='lat' dir='ltr'><strong>evidenter</strong></span> <span class='ocrx_word' id='word_1_83' title='bbox 807 2099 939 2188; x_wconf 88' lang='lat' dir='ltr'><strong>probat,</strong></span> <span class='ocrx_word' id='word_1_84' title='bbox 960 2098 1004 2166; x_wconf 87' lang='lat' dir='ltr'><strong>ita</strong></span> <span class='ocrx_word' id='word_1_85' title='bbox 1026 2099 1172 2189; x_wconf 88' lang='lat' dir='ltr'><strong>quidem,</strong></span> <span class='ocrx_word' id='word_1_86' title='bbox 1192 2113 1227 2168; x_wconf 90' lang='lat' dir='ltr'><strong>nt</strong></span> <span class='ocrx_word' id='word_1_87' title='bbox 1247 2101 1344 2191; x_wconf 88' lang='lat' dir='ltr'><strong>ipsam</strong></span> 
     </span>
     <span class='ocr_line' id='line_1_15' title="bbox 367 2217 1140 2310; baseline -0.001 -20"><span class='ocrx_word' id='word_1_88' title='bbox 367 2221 575 2290; x_wconf 88' lang='lat' dir='ltr'><strong>innocentiam</strong></span> <span class='ocrx_word' id='word_1_89' title='bbox 594 2221 772 2310; x_wconf 86' lang='lat' dir='ltr'><strong>loquentem</strong></span> <span class='ocrx_word' id='word_1_90' title='bbox 791 2219 850 2286; x_wconf 90' lang='lat' dir='ltr'><strong>tibi</strong></span> <span class='ocrx_word' id='word_1_91' title='bbox 869 2217 978 2286; x_wconf 89' lang='lat' dir='ltr'><strong>audire</strong></span> <span class='ocrx_word' id='word_1_92' title='bbox 996 2219 1140 2289; x_wconf 84' lang='lat' dir='ltr'><strong>ridearis.</strong></span> 
     </span>
    </p>

    <p class='ocr_par' dir='ltr' id='par_1_5' title="bbox 412 2337 1434 2433">
     <span class='ocr_line' id='line_1_16' title="bbox 412 2337 1434 2433; baseline -0.002 -22"><span class='ocrx_word' id='word_1_93' title='bbox 412 2343 513 2433; x_wconf 87' lang='lat' dir='ltr'><strong>Supra</strong></span> <span class='ocrx_word' id='word_1_94' title='bbox 546 2344 613 2432; x_wconf 88' lang='lat' dir='ltr'><strong>jam</strong></span> <span class='ocrx_word' id='word_1_95' title='bbox 648 2339 871 2420; x_wconf 79' lang='lat' dir='ltr'><strong>indicarimus,</strong></span> <span class='ocrx_word' id='word_1_96' title='bbox 904 2339 1064 2406; x_wconf 87' lang='lat' dir='ltr'><strong>Justiuum</strong></span> <span class='ocrx_word' id='word_1_97' title='bbox 1094 2337 1284 2408; x_wconf 77' lang='lat' dir='ltr'><strong>Christianos</strong></span> <span class='ocrx_word' id='word_1_98' title='bbox 1309 2362 1343 2408; x_wconf 82' lang='lat' dir='ltr'><strong>ex</strong></span> <span class='ocrx_word' id='word_1_99' title='bbox 1430 2377 1434 2384; x_wconf 86' lang='lat'><em>-</em></span> 
     </span>
    </p>

    <p class='ocr_par' dir='ltr' id='par_1_6' title="bbox 340 2459 1344 3020">
     <span class='ocr_line' id='line_1_17' title="bbox 340 2459 1341 2556; baseline 0.002 -26"><span class='ocrx_word' id='word_1_100' title='bbox 340 2475 344 2487; x_wconf 93' lang='lat'><em>&#39;</em></span> <span class='ocrx_word' id='word_1_101' title='bbox 367 2464 441 2556; x_wconf 88' lang='lat' dir='ltr'><strong>ipsis</strong></span> <span class='ocrx_word' id='word_1_102' title='bbox 463 2471 579 2530; x_wconf 83' lang='lat' dir='ltr'><strong>&#39;eorum</strong></span> <span class='ocrx_word' id='word_1_103' title='bbox 609 2459 732 2552; x_wconf 88' lang='lat' dir='ltr'><strong>placitis</strong></span> <span class='ocrx_word' id='word_1_104' title='bbox 755 2459 922 2530; x_wconf 76' lang='lat' dir='ltr'><strong>defendere</strong></span> <span class='ocrx_word' id='word_1_105' title='bbox 946 2473 977 2528; x_wconf 89' lang='lat' dir='ltr'><strong>ct</strong></span> <span class='ocrx_word' id='word_1_106' title='bbox 997 2459 1212 2528; x_wconf 87' lang='lat' dir='ltr'><strong>commendare</strong></span> <span class='ocrx_word' id='word_1_107' title='bbox 1236 2462 1341 2532; x_wconf 86' lang='lat' dir='ltr'><strong>solere.</strong></span> 
     </span>
     <span class='ocr_line' id='line_1_18' title="bbox 367 2578 1344 2672; baseline -0.008 -18"><span class='ocrx_word' id='word_1_108' title='bbox 367 2584 527 2654; x_wconf 89' lang='lat' dir='ltr'><strong>Sentiebat</strong></span> <span class='ocrx_word' id='word_1_109' title='bbox 555 2595 661 2650; x_wconf 84' lang='lat' dir='ltr'><strong>tamen</strong></span> <span class='ocrx_word' id='word_1_110' title='bbox 679 2593 781 2662; x_wconf 88' lang='lat' dir='ltr'><strong>recte,</strong></span> <span class='ocrx_word' id='word_1_111' title='bbox 805 2603 841 2646; x_wconf 87' lang='lat' dir='ltr'><strong>er</strong></span> <span class='ocrx_word' id='word_1_112' title='bbox 859 2578 1243 2672; x_wconf 77' lang='lat' dir='ltr'><strong>Christianorum&#39;placitis</strong></span> <span class='ocrx_word' id='word_1_113' title='bbox 1268 2603 1344 2648; x_wconf 88' lang='lat' dir='ltr'><strong>ncn-</strong></span> 
     </span>
     <span class='ocr_line' id='line_1_19' title="bbox 367 2697 1343 2792; baseline -0.008 -18"><span class='ocrx_word' id='word_1_114' title='bbox 367 2707 442 2774; x_wconf 92' lang='lat' dir='ltr'><strong>dum</strong></span> <span class='ocrx_word' id='word_1_115' title='bbox 470 2726 577 2772; x_wconf 88' lang='lat' dir='ltr'><strong>eorum</strong></span> <span class='ocrx_word' id='word_1_116' title='bbox 596 2703 805 2768; x_wconf 87' lang='lat' dir='ltr'><strong>innocentiam</strong></span> <span class='ocrx_word' id='word_1_117' title='bbox 823 2701 894 2767; x_wconf 88' lang='lat' dir='ltr'><strong>satis</strong></span> <span class='ocrx_word' id='word_1_118' title='bbox 915 2699 1154 2768; x_wconf 88' lang='lat' dir='ltr'><strong>demonstratam</strong></span> <span class='ocrx_word' id='word_1_119' title='bbox 1179 2723 1266 2792; x_wconf 86' lang='lat' dir='ltr'><strong>esse,</strong></span> <span class='ocrx_word' id='word_1_120' title='bbox 1289 2697 1343 2766; x_wconf 85' lang='lat' dir='ltr'><strong>sd·</strong></span> 
     </span>
     <span class='ocr_line' id='line_1_20' title="bbox 366 2819 1344 2916; baseline -0.005 -23"><span class='ocrx_word' id='word_1_121' title='bbox 366 2825 466 2916; x_wconf 66' lang='lat' dir='ltr'><strong>enque</strong></span> <span class='ocrx_word' id='word_1_122' title='bbox 492 2824 560 2890; x_wconf 89' lang='lat' dir='ltr'><strong>aliis</strong></span> <span class='ocrx_word' id='word_1_123' title='bbox 582 2821 770 2911; x_wconf 78' lang='lat' dir='ltr'><strong>argumentis</strong></span> <span class='ocrx_word' id='word_1_124' title='bbox 796 2820 895 2911; x_wconf 87' lang='lat' dir='ltr'><strong>iisque</strong></span> <span class='ocrx_word' id='word_1_125' title='bbox 920 2821 1110 2910; x_wconf 75' lang='lat' dir='ltr'><strong>gravioribus</strong></span> <span class='ocrx_word' id='word_1_126' title='bbox 1127 2819 1189 2887; x_wconf 91' lang='lat' dir='ltr'><strong>sibi</strong></span> <span class='ocrx_word' id='word_1_127' title='bbox 1208 2819 1344 2911; x_wconf 86' lang='lat' dir='ltr'><strong>proban·</strong></span> 
     </span>
     <span class='ocr_line' id='line_1_21' title="bbox 368 2939 1209 3020; baseline -0.002 -8"><span class='ocrx_word' id='word_1_128' title='bbox 368 2945 442 3012; x_wconf 91' lang='lat' dir='ltr'><strong>dum</strong></span> <span class='ocrx_word' id='word_1_129' title='bbox 460 2965 546 3020; x_wconf 88' lang='lat' dir='ltr'><strong>esse,</strong></span> <span class='ocrx_word' id='word_1_130' title='bbox 572 2941 762 3010; x_wconf 77' lang='lat' dir='ltr'><strong>Christianos</strong></span> <span class='ocrx_word' id='word_1_131' title='bbox 781 2941 856 3006; x_wconf 85' lang='lat' dir='ltr'><strong>falso</strong></span> <span class='ocrx_word' id='word_1_132' title='bbox 874 2940 1041 3006; x_wconf 88' lang='lat' dir='ltr'><strong>criminum</strong></span> <span class='ocrx_word' id='word_1_133' title='bbox 1059 2939 1209 3010; x_wconf 84' lang='lat' dir='ltr'><strong>accusari.</strong></span> 
     </span>
    </p>

    <p class='ocr_par' dir='ltr' id='par_1_7' title="bbox 362 3059 1470 3999">
     <span class='ocr_line' id='line_1_22' title="bbox 412 3059 1344 3152; baseline -0.003 -21"><span class='ocrx_word' id='word_1_134' title='bbox 412 3065 460 3132; x_wconf 83' lang='lat' dir='ltr'><strong>De</strong></span> <span class='ocrx_word' id='word_1_135' title='bbox 489 3059 733 3130; x_wconf 76' lang='lat' dir='ltr'><strong>Christianorum</strong></span> <span class='ocrx_word' id='word_1_136' title='bbox 762 3083 885 3128; x_wconf 90' lang='lat' dir='ltr'><strong>morum</strong></span> <span class='ocrx_word' id='word_1_137' title='bbox 910 3060 1086 3150; x_wconf 73' lang='lat' dir='ltr'><strong>integritate</strong></span> <span class='ocrx_word' id='word_1_138' title='bbox 1103 3083 1287 3152; x_wconf 72' lang='lat' dir='ltr'><strong>persumere,</strong></span> <span class='ocrx_word' id='word_1_139' title='bbox 1309 3083 1344 3128; x_wconf 82' lang='lat' dir='ltr'><strong>er</strong></span> 
     </span>
     <span class='ocr_line' id='line_1_23' title="bbox 362 3157 1343 3276; baseline -0.003 -25"><span class='ocrx_word' id='word_1_140' title='bbox 362 3157 521 3276; x_wconf 84' lang='lat' dir='ltr'><strong>judicibus</strong></span> <span class='ocrx_word' id='word_1_141' title='bbox 546 3203 694 3273; x_wconf 88' lang='lat' dir='ltr'><strong>quaerere</strong></span> <span class='ocrx_word' id='word_1_142' title='bbox 712 3181 810 3262; x_wconf 89' lang='lat' dir='ltr'><strong>solet,</strong></span> <span class='ocrx_word' id='word_1_143' title='bbox 833 3203 907 3247; x_wconf 89' lang='lat' dir='ltr'><strong>num</strong></span> <span class='ocrx_word' id='word_1_144' title='bbox 928 3180 987 3272; x_wconf 91' lang='lat' dir='ltr'><strong>ipsi</strong></span> <span class='ocrx_word' id='word_1_145' title='bbox 1008 3180 1196 3270; x_wconf 76' lang='lat' dir='ltr'><strong>argumentis</strong></span> <span class='ocrx_word' id='word_1_146' title='bbox 1214 3180 1343 3272; x_wconf 83' lang='lat' dir='ltr'><strong>probare</strong></span> 
     </span>
     <span class='ocr_line' id='line_1_24' title="bbox 368 3298 1343 3397; baseline -0.006 -25"><span class='ocrx_word' id='word_1_147' title='bbox 368 3303 484 3397; x_wconf 88' lang='lat' dir='ltr'><strong>possint</strong></span> <span class='ocrx_word' id='word_1_148' title='bbox 515 3301 670 3370; x_wconf 83' lang='lat' dir='ltr'><strong>horrende</strong></span> <span class='ocrx_word' id='word_1_149' title='bbox 699 3301 751 3367; x_wconf 90' lang='lat' dir='ltr'><strong>illa</strong></span> <span class='ocrx_word' id='word_1_150' title='bbox 788 3301 917 3367; x_wconf 88' lang='lat' dir='ltr'><strong>crimina</strong></span> <span class='ocrx_word' id='word_1_151' title='bbox 945 3323 963 3366; x_wconf 89' lang='lat' dir='ltr'><strong>a</strong></span> <span class='ocrx_word' id='word_1_152' title='bbox 993 3298 1174 3368; x_wconf 81' lang='lat' dir='ltr'><strong>Christianis</strong></span> <span class='ocrx_word' id='word_1_153' title='bbox 1206 3301 1343 3391; x_wconf 77' lang='lat' dir='ltr'><strong>patrari,</strong></span> 
     </span>
     <span class='ocr_line' id='line_1_25' title="bbox 369 3419 1344 3518; baseline -0.005 -25"><span class='ocrx_word' id='word_1_154' title='bbox 369 3447 449 3518; x_wconf 89' lang='lat' dir='ltr'><strong>quae</strong></span> <span class='ocrx_word' id='word_1_155' title='bbox 476 3445 548 3490; x_wconf 91' lang='lat' dir='ltr'><strong>cum</strong></span> <span class='ocrx_word' id='word_1_156' title='bbox 575 3422 659 3489; x_wconf 84' lang='lat' dir='ltr'><strong>nulls</strong></span> <span class='ocrx_word' id='word_1_157' title='bbox 688 3421 790 3488; x_wconf 79' lang='lat' dir='ltr'><strong>afferri</strong></span> <span class='ocrx_word' id='word_1_158' title='bbox 811 3443 905 3510; x_wconf 53' lang='lat' dir='ltr'><strong>⁴posse</strong></span> <span class='ocrx_word' id='word_1_159' title='bbox 932 3441 989 3511; x_wconf 89' lang='lat' dir='ltr'><strong>pro</strong></span> <span class='ocrx_word' id='word_1_160' title='bbox 1013 3432 1098 3486; x_wconf 90' lang='lat' dir='ltr'><strong>certo</strong></span> <span class='ocrx_word' id='word_1_161' title='bbox 1128 3419 1263 3504; x_wconf 84' lang='lat' dir='ltr'><strong>hebeat,</strong></span> <span class='ocrx_word' id='word_1_162' title='bbox 1294 3433 1344 3488; x_wconf 87' lang='lat' dir='ltr'><strong>st-</strong></span> 
     </span>
     <span class='ocr_line' id='line_1_26' title="bbox 369 3527 1344 3638; baseline -0.006 -26"><span class='ocrx_word' id='word_1_163' title='bbox 369 3569 430 3638; x_wconf 87' lang='lat' dir='ltr'><strong>que</strong></span> <span class='ocrx_word' id='word_1_164' title='bbox 458 3541 605 3612; x_wconf 79' lang='lat' dir='ltr'><strong>Ethnicos</strong></span> <span class='ocrx_word' id='word_1_165' title='bbox 630 3527 691 3610; x_wconf 81' lang='lat' dir='ltr'><strong>hcc</strong></span> <span class='ocrx_word' id='word_1_166' title='bbox 719 3542 786 3632; x_wconf 90' lang='lat' dir='ltr'><strong>ipso</strong></span> <span class='ocrx_word' id='word_1_167' title='bbox 813 3552 992 3631; x_wconf 75' lang='lat' dir='ltr'><strong>argumento</strong></span> <span class='ocrx_word' id='word_1_168' title='bbox 1015 3541 1047 3606; x_wconf 92' lang='lat' dir='ltr'><strong>in</strong></span> <span class='ocrx_word' id='word_1_169' title='bbox 1071 3541 1223 3632; x_wconf 72' lang='lat' dir='ltr'><strong>angustias</strong></span> <span class='ocrx_word' id='word_1_170' title='bbox 1246 3537 1344 3631; x_wconf 71' lang='lat' dir='ltr'><strong>redigi</strong></span> 
     </span>
     <span class='ocr_line' id='line_1_27' title="bbox 367 3660 1345 3756; baseline -0.007 -21"><span class='ocrx_word' id='word_1_171' title='bbox 367 3666 540 3756; x_wconf 74' lang='lat' dir='ltr'><strong>intelligat,</strong></span> <span class='ocrx_word' id='word_1_172' title='bbox 573 3675 608 3730; x_wconf 91' lang='lat' dir='ltr'><strong>ut</strong></span> <span class='ocrx_word' id='word_1_173' title='bbox 631 3663 726 3744; x_wconf 87' lang='lat' dir='ltr'><strong>solet,</strong></span> <span class='ocrx_word' id='word_1_174' title='bbox 754 3684 817 3728; x_wconf 91' lang='lat' dir='ltr'><strong>non</strong></span> <span class='ocrx_word' id='word_1_175' title='bbox 845 3660 971 3728; x_wconf 88' lang='lat' dir='ltr'><strong>uliunde</strong></span> <span class='ocrx_word' id='word_1_176' title='bbox 998 3661 1145 3752; x_wconf 87' lang='lat' dir='ltr'><strong>explicari</strong></span> <span class='ocrx_word' id='word_1_177' title='bbox 1171 3683 1259 3753; x_wconf 85' lang='lat' dir='ltr'><strong>posse</strong></span> <span class='ocrx_word' id='word_1_178' title='bbox 1279 3660 1345 3728; x_wconf 88' lang='lat' dir='ltr'><strong>cla-</strong></span> 
     </span>
     <span class='ocr_line' id='line_1_28' title="bbox 366 3780 1345 3875; baseline -0.006 -21"><span class='ocrx_word' id='word_1_179' title='bbox 366 3787 456 3867; x_wconf 69' lang='lat' dir='ltr'><strong>mat‘,</strong></span> <span class='ocrx_word' id='word_1_180' title='bbox 487 3781 572 3875; x_wconf 88' lang='lat' dir='ltr'><strong>quod</strong></span> <span class='ocrx_word' id='word_1_181' title='bbox 605 3782 715 3872; x_wconf 86' lang='lat' dir='ltr'><strong>optimi</strong></span> <span class='ocrx_word' id='word_1_182' title='bbox 749 3782 795 3848; x_wconf 92' lang='lat' dir='ltr'><strong>illi</strong></span> <span class='ocrx_word' id='word_1_183' title='bbox 822 3782 881 3850; x_wconf 86' lang='lat' dir='ltr'><strong>Dei</strong></span> <span class='ocrx_word' id='word_1_184' title='bbox 912 3781 1044 3850; x_wconf 91' lang='lat' dir='ltr'><strong>cultores</strong></span> <span class='ocrx_word' id='word_1_185' title='bbox 1081 3780 1159 3858; x_wconf 81' lang='lat' dir='ltr'><strong>adeo</strong></span> <span class='ocrx_word' id='word_1_186' title='bbox 1186 3781 1345 3848; x_wconf 86' lang='lat' dir='ltr'><strong>calumniis</strong></span> 
     </span>
     <span class='ocr_line' id='line_1_29' title="bbox 369 3881 1470 3999; baseline -0.008 -23"><span class='ocrx_word' id='word_1_187' title='bbox 369 3918 564 3999; x_wconf 89' lang='lat' dir='ltr'><strong>peterentur,</strong></span> <span class='ocrx_word' id='word_1_188' title='bbox 581 3903 642 3970; x_wconf 91' lang='lat' dir='ltr'><strong>nisi</strong></span> <span class='ocrx_word' id='word_1_189' title='bbox 660 3925 696 3970; x_wconf 86' lang='lat' dir='ltr'><strong>er</strong></span> <span class='ocrx_word' id='word_1_190' title='bbox 713 3924 769 3985; x_wconf 89' lang='lat' dir='ltr'><strong>ec,</strong></span> <span class='ocrx_word' id='word_1_191' title='bbox 788 3901 872 3993; x_wconf 89' lang='lat' dir='ltr'><strong>quod</strong></span> <span class='ocrx_word' id='word_1_192' title='bbox 882 3881 1053 3970; x_wconf 84' lang='lat' dir='ltr'><strong>Daemones</strong></span> <span class='ocrx_word' id='word_1_193' title='bbox 1070 3901 1182 3969; x_wconf 88' lang='lat' dir='ltr'><strong>harum</strong></span> <span class='ocrx_word' id='word_1_194' title='bbox 1202 3902 1346 3988; x_wconf 88' lang='lat' dir='ltr'><strong>crimina·</strong></span> <span class='ocrx_word' id='word_1_195' title='bbox 1469 3941 1470 3960; x_wconf 33' lang='grc' dir='ltr'><strong>η</strong></span> 
     </span>
    </p>
   </div>
   <div class='ocr_carea' id='block_1_3' title="bbox 398 4171 1345 4248">
    <p class='ocr_par' dir='ltr' id='par_1_8' title="bbox 398 4145 1470 4602">
     <span class='ocr_line' id='line_1_30' title="bbox 398 4171 1345 4248; baseline -0.007 -17"><span class='ocrx_word' id='word_1_196' title='bbox 398 4181 438 4248; x_wconf 83' lang='lat'><strong>(1)</strong></span> <span class='ocrx_word' id='word_1_197' title='bbox 456 4183 491 4231; x_wconf 74' lang='lat' dir='ltr'><strong>lte</strong></span> <span class='ocrx_word' id='word_1_198' title='bbox 508 4177 548 4228; x_wconf 84' lang='lat' dir='ltr'><strong>his</strong></span> <span class='ocrx_word' id='word_1_199' title='bbox 566 4173 784 4226; x_wconf 81' lang='lat' dir='ltr'><strong>criminsticnibns</strong></span> <span class='ocrx_word' id='word_1_200' title='bbox 800 4172 851 4222; x_wconf 78' lang='lat' dir='ltr'><strong>sid.</strong></span> <span class='ocrx_word' id='word_1_201' title='bbox 871 4187 1009 4224; x_wconf 83' lang='grc' dir='ltr'><strong>ιοιτιοιτ.</strong></span> <span class='ocrx_word' id='word_1_202' title='bbox 1025 4172 1044 4226; x_wconf 88' lang='grc'><strong>1.</strong></span> <span class='ocrx_word' id='word_1_203' title='bbox 1064 4188 1088 4222; x_wconf 86' lang='lat' dir='ltr'><strong>c.</strong></span> <span class='ocrx_word' id='word_1_204' title='bbox 1105 4189 1130 4238; x_wconf 85' lang='lat' dir='ltr'><strong>p.</strong></span> <span class='ocrx_word' id='word_1_205' title='bbox 1150 4171 1201 4223; x_wconf 71' lang='lat'><strong>546</strong></span> <span class='ocrx_word' id='word_1_206' title='bbox 1212 4171 1345 4234; x_wconf 71' lang='lat' dir='ltr'><strong>erectus.</strong></span> 
     </span>
    </p>
   </div>
   <div class='ocr_carea' id='block_1_4' title="bbox 0 0 1499 5106">
    <p class='ocr_par' dir='ltr' id='par_1_9' title="bbox 0 0 1499 5106">
     <span class='ocr_line' id='line_1_31' title="bbox 0 0 1499 5106; baseline 0 0"><span class='ocrx_word' id='word_1_207' title='bbox 0 0 1499 5106; x_wconf 95' lang='lat' dir='ltr'><strong> </strong></span> 
     </span>
    </p>
   </div>
  </div>
 </body>
</html>
