2978 5106
627 451 781 517 59Χ

166 651 248 743 turpi
277 651 328 718 isti
354 651 491 718 Deorum
520 645 618 713 cultui
636 645 822 711 adhaerere!
842 644 989 728 lltbniei,
1009 647 1068 720 nisi
1089 649 1137 714 in-
1243 719 1245 726 ,

159 774 237 864 justi
253 784 288 838 et
305 770 406 859 iniqui
426 767 608 835 Christianis
627 789 692 832 esse
710 765 822 846 uelint,
839 779 874 832 ut
889 765 945 833 hos
960 781 1044 834 certe
1061 769 1138 835 tole·

163 905 251 972 rent,
274 913 393 958 omnmo
406 892 477 979 jure
492 912 510 952 a
525 887 685 978 judicibus
702 888 857 977 postulnt3
880 910 973 977 quern
992 891 1025 954 in
1043 889 1138 956 finem

165 1013 277 1078 merito
306 1012 344 1080 iis
368 1010 404 1077 in
431 1007 614 1076 memoriam
638 1020 781 1087 revocat,
811 1029 874 1072 non
896 1008 1041 1074 omnibus
1065 1011 1141 1078 locis

166 1131 288 1199 eosdem
315 1132 397 1198 Deos
428 1130 510 1209 coli,
543 1141 636 1218 atque
661 1125 738 1192 adeo
764 1131 866 1192 lotum
894 1125 1139 1200 Christianorum

167 1251 285 1319 crimen
321 1253 355 1318 in
388 1273 425 1317 eo
451 1261 573 1316 tuntum
601 1261 759 1338 constare,
793 1247 876 1338 quod
902 1271 965 1317 non
993 1251 1141 1332 eosdem,
1230 1342 1231 1346 Ἰ

168 1397 244 1463 quos
268 1371 411 1462 judices,
443 1371 510 1438 Ileo
537 1370 659 1452 colunt;
700 1368 786 1458 qrrod
812 1381 916 1434 temen
943 1370 1083 1452 crimen,
1116 1373 1142 1439 si
1206 1413 1209 1424 =

165 1493 206 1560 sit
238 1491 378 1572 crimen,
416 1513 488 1558 cum
524 1491 629 1557 multis
656 1489 807 1555 haberent
832 1491 1007 1574 commune.
1071 1492 1140 1577 Quo
1215 1576 1216 1582 ἵ

164 1612 261 1702 magis
286 1633 424 1678 summae
445 1611 615 1701 injustitiae
629 1609 751 1700 judices
768 1610 928 1677 convineat
939 1659 949 1692 ,
972 1611 1082 1700 objicit
1102 1611 1143 1678 iis

166 1753 275 1798 eorum
293 1729 405 1822 egendi
423 1733 576 1798 rationem
594 1753 666 1796 cum
685 1730 856 1798 Haeretieis
875 1744 906 1798 et
924 1730 1143 1822 Philosopbis,

166 1851 518 1922 Atheismi-criminerir
528 1850 737 1932 absoluendis3
758 1875 829 1920 cum
840 1833 1050 1942 indignutione
1063 1904 1072 1934 ,
1086 1855 1141 1943 qul

167 1971 295 2040 llthuiei
313 1969 494 2052 Simonem,
518 1970 742 2053 Menandrum,
767 1973 955 2048 Marcionem
973 1972 1039 2060 (1),
1065 1996 1143 2062 quos

166 2092 278 2182 impios
298 2105 330 2158 et
347 2091 572 2158 scelestissimos
589 2093 723 2181 probat,
746 2115 808 2158 non
818 2105 937 2159 tantum
944 2094 1142 2172 tolerassent,

167 2211 221 2278 sed
241 2211 345 2278 (lirino
362 2235 484 2302 quoque
499 2211 616 2280 honore
630 2213 785 2304 prosecuti
799 2226 897 2282 essent
905 2263 916 2294 ,
935 2211 1139 2296 demonstrat3

168 2345 238 2423 post
256 2353 336 2422 quae
348 2373 365 2414 ,⁴
377 2355 462 2399 sacro
481 2332 590 2399 ardore
608 2334 753 2424 abreptus
764 2383 774 2415 ,
786 2333 987 2423 erjudicibus
997 2333 1119 2423 quaerit
1130 2381 1141 2414 ,

169 2475 208 2518 an
237 2449 419 2520 Gluistinuis
446 2453 534 2534 solis,
565 2454 718 2544 optimum
747 2455 864 2520 cultum
883 2453 1088 2535 habentibus,
1109 2451 1144 2517 id

68 2605 71 2612 v
168 2595 231 2638 non
257 2573 369 2653 licent,
395 2571 477 2662 quod
496 2568 642 2662 reliquis,
666 2573 842 2664 turpissimo
856 2575 954 2641 cultui
973 2587 1004 2640 et
1021 2595 1144 2640 morum

169 2691 312 2758 licentiae
331 2690 465 2771 deditis,
494 2691 687 2758 concedunt!
736 2694 820 2778 Quae
837 2692 1070 2784 argumentandi
1089 2715 1144 2757 ra-

133 2834 137 2844 ·
168 2811 237 2892 tio,
261 2826 296 2879 ut
315 2825 398 2878 reete
416 2833 479 2878 sese
504 2811 621 2892 habet,
650 2813 693 2878 ita
708 2811 887 2902 judicibus,
911 2814 971 2882 nisi
991 2813 1144 2880 obstinata

169 2945 274 3000 mente
292 2955 380 3000 aures
399 2932 484 2998 omni
501 2931 624 3003 veritati
644 2933 758 3000 clausas
776 2933 963 3018 habuerint,
990 2956 1144 3002 assensum

173 3066 352 3145 extorquere
376 3051 485 3118 debuit
496 3051 557 3142 (2)

215 3172 309 3240 Haud
327 3175 429 3240 minus
445 3195 595 3266 magnus,
611 3173 666 3238 ubi
683 3173 925 3264 Polythe'ismum
944 3171 1143 3264 aggreditur3

171 3315 276 3361 omnes
303 3295 381 3360 vires
410 3306 441 3360 et
468 3316 574 3362 nervos
595 3292 756 3376 intendit,
773 3305 809 3362 ut
827 3294 955 3384 gentiles
974 3295 1066 3361 sacris
1084 3296 1147 3362 suis

168 3410 354 3482 valedicam.
401 3409 594 3508 Argumenta¹
618 3413 756 3506 undique
785 3415 960 3506 conquirit,
992 3416 1087 3506 dubia
1117 3430 1148 3483 et

170 3533 357 3624 suspiciones
377 3535 498 3618 aufert3
530 3558 565 3601 er
585 3535 658 3628 ipsis
679 3558 785 3602 eorum
805 3535 942 3606 fontibus
958 3536 1147 3628 persuadere

169 3667 201 3720 et
227 3653 361 3720 refutare
385 3668 524 3726 conatur.
571 3653 607 3724 Si
621 3655 760 3723 lustinus
778 3671 957 3747 argumenta
975 3658 1077 3722 minus
1093 3679 1146 3723 ra-

201 3883 242 3951 (l)
258 3885 321 3935 Vide
335 3901 449 3947 nostru,
466 3885 585 3951 Doymsrs
597 3887 689 3938 Gcsclr.
705 3887 716 3935 l
730 3887 775 3937 rh.
786 3903 813 3952 p.
827 3887 885 3936 101.
902 3887 975 3938 2Th.
986 3903 1011 3952 p.
1023 3887 1057 3937 82
1067 3904 1125 3951 sqq.

201 3969 241 4036 (2)
259 3969 428 4031 0hservetur,
455 3987 575 4022 susurru!
592 3972 678 4020 multis
702 3972 759 4021 aliie
777 3973 853 4020 etiarn
870 3972 1013 4022 nominibus
1029 3973 1153 4024 Christis·

168 4069 215 4102 nes
242 4052 384 4104 defendisse
409 4059 436 4104 et
452 4056 656 4114 commendasse,
677 4059 736 4109 unte
755 4071 828 4119 qurum
848 4071 891 4105 eos
908 4057 1030 4108 Atheismi
1048 4055 1152 4123 (latiore
1183 4041 1185 4047 λ

166 4139 253 4203 ωπον)
271 4139 375 4196 crimine
392 4139 521 4193 absolutor
539 4142 620 4207 cupit.
658 4141 733 4206 Apol.
754 4142 776 4194 l.
795 4142 811 4188 6
831 4157 905 4205 seqq.
