<?xml version="1.0" encoding="UTF-8"?>
<!DOCTYPE html PUBLIC "-//W3C//DTD XHTML 1.0 Transitional//EN"
    "http://www.w3.org/TR/xhtml1/DTD/xhtml1-transitional.dtd">
<html xmlns="http://www.w3.org/1999/xhtml" xml:lang="en" lang="en">
 <head>
  <title>
</title>
<meta http-equiv="Content-Type" content="text/html;charset=utf-8" />
  <meta name='ocr-system' content='tesseract 3.04.00' />
  <meta name='ocr-capabilities' content='ocr_page ocr_carea ocr_par ocr_line ocrx_word'/>
</head>
<body>
  <div class='ocr_page' id='page_1' title='image "./dejustinomartyr00junigoog_0090.png"; bbox 0 0 2978 5106; ppageno 0'>
   <div class='ocr_carea' id='block_1_1' title="bbox 815 451 862 514">
    <p class='ocr_par' dir='ltr' id='par_1_1' title="bbox 815 451 862 514">
     <span class='ocr_line' id='line_1_1' title="bbox 815 451 862 514; baseline 0 0"><span class='ocrx_word' id='word_1_1' title='bbox 815 451 862 514; x_wconf 77' lang='lat' dir='ltr'>&#39;te</span> 
     </span>
    </p>
   </div>
   <div class='ocr_carea' id='block_1_2' title="bbox 346 649 1328 1228">
    <p class='ocr_par' dir='ltr' id='par_1_2' title="bbox 350 649 1328 842">
     <span class='ocr_line' id='line_1_2' title="bbox 350 649 1328 746; baseline 0 -26"><span class='ocrx_word' id='word_1_2' title='bbox 350 656 469 746; x_wconf 80' lang='lat' dir='ltr'>primae</span> <span class='ocrx_word' id='word_1_3' title='bbox 496 653 616 742; x_wconf 87' lang='lat' dir='ltr'>partem</span> <span class='ocrx_word' id='word_1_4' title='bbox 645 649 693 738; x_wconf 77' lang='grc'>(1)</span> <span class='ocrx_word' id='word_1_5' title='bbox 731 649 914 739; x_wconf 77' lang='lat' dir='ltr'>inspexerit,</span> <span class='ocrx_word' id='word_1_6' title='bbox 950 651 1053 720; x_wconf 88' lang='lat' dir='ltr'>statim</span> <span class='ocrx_word' id='word_1_7' title='bbox 1082 649 1114 716; x_wconf 93' lang='lat' dir='ltr'>in</span> <span class='ocrx_word' id='word_1_8' title='bbox 1145 653 1247 719; x_wconf 87' lang='lat' dir='ltr'>oculos</span> <span class='ocrx_word' id='word_1_9' title='bbox 1275 655 1328 720; x_wconf 89' lang='lat' dir='ltr'>in·-</span> 
     </span>
     <span class='ocr_line' id='line_1_3' title="bbox 351 787 487 842; baseline 0 0"><span class='ocrx_word' id='word_1_10' title='bbox 351 787 487 842; x_wconf 88' lang='lat' dir='ltr'>currant.</span> 
     </span>
    </p>

    <p class='ocr_par' dir='ltr' id='par_1_3' title="bbox 378 891 957 961">
     <span class='ocr_line' id='line_1_4' title="bbox 378 891 957 961; baseline 0 -1"><span class='ocrx_word' id='word_1_11' title='bbox 378 895 479 960; x_wconf 78' lang='lat' dir='ltr'>&#39;llaec</span> <span class='ocrx_word' id='word_1_12' title='bbox 499 893 639 959; x_wconf 76' lang='lat' dir='ltr'>universe</span> <span class='ocrx_word' id='word_1_13' title='bbox 657 893 776 959; x_wconf 86' lang='lat' dir='ltr'>monite</span> <span class='ocrx_word' id='word_1_14' title='bbox 795 891 957 961; x_wconf 86' lang='lat' dir='ltr'>sufficiant.</span> 
     </span>
    </p>

    <p class='ocr_par' dir='ltr' id='par_1_4' title="bbox 346 1011 1327 1228">
     <span class='ocr_line' id='line_1_5' title="bbox 353 1011 1327 1106; baseline 0.004 -26"><span class='ocrx_word' id='word_1_15' title='bbox 353 1041 357 1048; x_wconf 48' lang='lat'><strong><em>³</em></strong></span> <span class='ocrx_word' id='word_1_16' title='bbox 392 1013 490 1080; x_wconf 83' lang='lat' dir='ltr'>Multa</span> <span class='ocrx_word' id='word_1_17' title='bbox 518 1012 645 1079; x_wconf 91' lang='lat' dir='ltr'>omnino</span> <span class='ocrx_word' id='word_1_18' title='bbox 664 1011 806 1104; x_wconf 86' lang='lat' dir='ltr'>inhujus</span> <span class='ocrx_word' id='word_1_19' title='bbox 824 1014 998 1106; x_wconf 74' lang='lat' dir='ltr'>argumenti</span> <span class='ocrx_word' id='word_1_20' title='bbox 1017 1015 1205 1104; x_wconf 74' lang='lat' dir='ltr'>expositione</span> <span class='ocrx_word' id='word_1_21' title='bbox 1223 1016 1327 1084; x_wconf 90' lang='lat' dir='ltr'>miuus</span> 
     </span>
     <span class='ocr_line' id='line_1_6' title="bbox 346 1133 1326 1228; baseline 0.002 -27"><span class='ocrx_word' id='word_1_22' title='bbox 346 1133 507 1227; x_wconf 84' lang='lat' dir='ltr'>probanda</span> <span class='ocrx_word' id='word_1_23' title='bbox 524 1146 702 1202; x_wconf 87' lang='lat' dir='ltr'>occurrunt.</span> <span class='ocrx_word' id='word_1_24' title='bbox 737 1134 796 1201; x_wconf 81' lang='lat' dir='ltr'>l’ro</span> <span class='ocrx_word' id='word_1_25' title='bbox 817 1135 922 1225; x_wconf 74' lang='lat' dir='ltr'>typica</span> <span class='ocrx_word' id='word_1_26' title='bbox 944 1147 975 1204; x_wconf 83' lang='lat' dir='ltr'>st</span> <span class='ocrx_word' id='word_1_27' title='bbox 992 1135 1154 1226; x_wconf 76' lang='lat' dir='ltr'>allegorica</span> <span class='ocrx_word' id='word_1_28' title='bbox 1174 1136 1326 1228; x_wconf 88' lang='lat' dir='ltr'>interpre-</span> 
     </span>
    </p>
   </div>
   <div class='ocr_carea' id='block_1_3' title="bbox 220 1254 1326 1348">
    <p class='ocr_par' dir='ltr' id='par_1_5' title="bbox 220 1254 1326 1348">
     <span class='ocr_line' id='line_1_7' title="bbox 220 1254 1326 1348; baseline 0.002 -26"><span class='ocrx_word' id='word_1_29' title='bbox 220 1255 223 1262; x_wconf 83' lang='lat'>&#39;</span> <span class='ocrx_word' id='word_1_30' title='bbox 346 1254 434 1322; x_wconf 88' lang='lat' dir='ltr'>tandi</span> <span class='ocrx_word' id='word_1_31' title='bbox 455 1255 505 1322; x_wconf 86' lang='lat' dir='ltr'>sui</span> <span class='ocrx_word' id='word_1_32' title='bbox 525 1254 592 1322; x_wconf 81' lang='lat' dir='ltr'>aeri</span> <span class='ocrx_word' id='word_1_33' title='bbox 609 1255 749 1337; x_wconf 78' lang='lat' dir='ltr'>ratione,</span> <span class='ocrx_word' id='word_1_34' title='bbox 773 1256 807 1321; x_wconf 90' lang='lat' dir='ltr'>in</span> <span class='ocrx_word' id='word_1_35' title='bbox 825 1257 990 1337; x_wconf 84' lang='lat' dir='ltr'>omnihus,</span> <span class='ocrx_word' id='word_1_36' title='bbox 1015 1257 1047 1323; x_wconf 92' lang='lat' dir='ltr'>in</span> <span class='ocrx_word' id='word_1_37' title='bbox 1059 1257 1187 1324; x_wconf 69' lang='lat' dir='ltr'>nasibus</span> <span class='ocrx_word' id='word_1_38' title='bbox 1201 1279 1326 1348; x_wconf 90' lang='lat' dir='ltr'>quoque</span> 
     </span>
    </p>
   </div>
   <div class='ocr_carea' id='block_1_4' title="bbox 244 1373 1379 3760">
    <p class='ocr_par' dir='ltr' id='par_1_6' title="bbox 244 1373 1379 3522">
     <span class='ocr_line' id='line_1_8' title="bbox 348 1373 1327 1467; baseline 0.001 -24"><span class='ocrx_word' id='word_1_39' title='bbox 348 1376 583 1465; x_wconf 83' lang='lat' dir='ltr'>similibusque,</span> <span class='ocrx_word' id='word_1_40' title='bbox 616 1374 699 1466; x_wconf 89' lang='lat' dir='ltr'>qnod</span> <span class='ocrx_word' id='word_1_41' title='bbox 719 1374 853 1441; x_wconf 78' lang='lat' dir='ltr'>manime</span> <span class='ocrx_word' id='word_1_42' title='bbox 871 1375 903 1440; x_wconf 89' lang='lat' dir='ltr'>in</span> <span class='ocrx_word' id='word_1_43' title='bbox 923 1375 1052 1467; x_wconf 80' lang='lat' dir='ltr'>Dialoqo</span> <span class='ocrx_word' id='word_1_44' title='bbox 1071 1397 1142 1450; x_wconf 89' lang='lat' dir='ltr'>cum</span> <span class='ocrx_word' id='word_1_45' title='bbox 1162 1373 1327 1467; x_wconf 72' lang='lat' dir='ltr'><strong>Tryphone</strong></span> 
     </span>
     <span class='ocr_line' id='line_1_9' title="bbox 346 1495 1322 1588; baseline 0.004 -25"><span class='ocrx_word' id='word_1_46' title='bbox 346 1496 564 1588; x_wconf 88' lang='lat' dir='ltr'>persequitur,</span> <span class='ocrx_word' id='word_1_47' title='bbox 596 1495 742 1562; x_wconf 74' lang='lat' dir='ltr'>uaticinia</span> <span class='ocrx_word' id='word_1_48' title='bbox 770 1508 802 1562; x_wconf 92' lang='lat' dir='ltr'>et</span> <span class='ocrx_word' id='word_1_49' title='bbox 831 1509 929 1586; x_wconf 67' lang='lat' dir='ltr'>typos·</span> <span class='ocrx_word' id='word_1_50' title='bbox 946 1496 1006 1563; x_wconf 88' lang='lat' dir='ltr'>sihi</span> <span class='ocrx_word' id='word_1_51' title='bbox 1034 1519 1159 1563; x_wconf 88' lang='lat' dir='ltr'>eernere</span> <span class='ocrx_word' id='word_1_52' title='bbox 1189 1496 1322 1568; x_wconf 85' lang='lat' dir='ltr'>videtur.</span> 
     </span>
     <span class='ocr_line' id='line_1_10' title="bbox 347 1609 1323 1708; baseline 0 -25"><span class='ocrx_word' id='word_1_53' title='bbox 347 1619 503 1686; x_wconf 79' lang='lat' dir='ltr'>Vaticinie</span> <span class='ocrx_word' id='word_1_54' title='bbox 532 1609 622 1708; x_wconf 80' lang='lat' dir='ltr'>saepe</span> <span class='ocrx_word' id='word_1_55' title='bbox 639 1617 749 1698; x_wconf 84' lang='lat' dir='ltr'>affert,</span> <span class='ocrx_word' id='word_1_56' title='bbox 768 1639 848 1708; x_wconf 90' lang='lat' dir='ltr'>quae</span> <span class='ocrx_word' id='word_1_57' title='bbox 865 1638 928 1688; x_wconf 88' lang='lat' dir='ltr'>non</span> <span class='ocrx_word' id='word_1_58' title='bbox 947 1629 1016 1684; x_wconf 87' lang='lat' dir='ltr'>sunt</span> <span class='ocrx_word' id='word_1_59' title='bbox 1029 1617 1214 1700; x_wconf 60' lang='lat' dir='ltr'>3sMatthaei</span> <span class='ocrx_word' id='word_1_60' title='bbox 1233 1619 1323 1685; x_wconf 81' lang='lat' dir='ltr'>resti-</span> 
     </span>
     <span class='ocr_line' id='line_1_11' title="bbox 244 1738 1323 1830; baseline 0.002 -26"><span class='ocrx_word' id='word_1_61' title='bbox 244 1779 246 1788; x_wconf 39' lang='grc' dir='ltr'><strong><em>ι</em></strong></span> <span class='ocrx_word' id='word_1_62' title='bbox 345 1740 402 1830; x_wconf 74' lang='lat' dir='ltr'>giis</span> <span class='ocrx_word' id='word_1_63' title='bbox 421 1739 561 1808; x_wconf 84' lang='lat' dir='ltr'>insistens</span> <span class='ocrx_word' id='word_1_64' title='bbox 572 1776 592 1820; x_wconf 91' lang='lat'>‚·</span> <span class='ocrx_word' id='word_1_65' title='bbox 605 1751 711 1806; x_wconf 81' lang='lat' dir='ltr'>ratum</span> <span class='ocrx_word' id='word_1_66' title='bbox 735 1738 956 1811; x_wconf 83' lang='lat' dir='ltr'>Hebraeorum</span> <span class='ocrx_word' id='word_1_67' title='bbox 968 1738 1058 1806; x_wconf 85' lang='lat' dir='ltr'>ell&#39;ata</span> <span class='ocrx_word' id='word_1_68' title='bbox 1069 1786 1079 1819; x_wconf 91' lang='lat'><strong>,</strong></span> <span class='ocrx_word' id='word_1_69' title='bbox 1104 1760 1184 1829; x_wconf 87' lang='lat' dir='ltr'>quoe</span> <span class='ocrx_word' id='word_1_70' title='bbox 1202 1752 1323 1806; x_wconf 82' lang='lat' dir='ltr'>tantum</span> 
     </span>
     <span class='ocr_line' id='line_1_12' title="bbox 345 1831 1322 1952; baseline -0.001 -25"><span class='ocrx_word' id='word_1_71' title='bbox 345 1858 572 1927; x_wconf 80' lang='lat' dir='ltr'>accommodari</span> <span class='ocrx_word' id='word_1_72' title='bbox 590 1872 738 1950; x_wconf 77' lang='lat' dir='ltr'>possunt,</span> <span class='ocrx_word' id='word_1_73' title='bbox 762 1872 909 1948; x_wconf 78' lang='lat' dir='ltr'>tanquam</span> <span class='ocrx_word' id='word_1_74' title='bbox 927 1831 1074 1926; x_wconf 77' lang='lat' dir='ltr'>vaticinia</span> <span class='ocrx_word' id='word_1_75' title='bbox 1094 1859 1201 1940; x_wconf 79' lang='lat' dir='ltr'>affert,</span> <span class='ocrx_word' id='word_1_76' title='bbox 1225 1881 1322 1952; x_wconf 88' lang='lat' dir='ltr'>eaque</span> 
     </span>
     <span class='ocr_line' id='line_1_13' title="bbox 344 1978 1322 2071; baseline -0.002 -24"><span class='ocrx_word' id='word_1_77' title='bbox 344 1981 420 2048; x_wconf 86' lang='lat' dir='ltr'>Jesu</span> <span class='ocrx_word' id='word_1_78' title='bbox 450 1980 520 2046; x_wconf 89' lang='lat' dir='ltr'>fatis</span> <span class='ocrx_word' id='word_1_79' title='bbox 560 1978 724 2069; x_wconf 78' lang='lat' dir='ltr'>allegorice</span> <span class='ocrx_word' id='word_1_80' title='bbox 764 1979 911 2068; x_wconf 87' lang='lat' dir='ltr'>impleta,</span> <span class='ocrx_word' id='word_1_81' title='bbox 940 1991 975 2045; x_wconf 89' lang='lat' dir='ltr'>ut</span> <span class='ocrx_word' id='word_1_82' title='bbox 1001 1978 1092 2044; x_wconf 83' lang='lat' dir='ltr'>lncile</span> <span class='ocrx_word' id='word_1_83' title='bbox 1120 1980 1322 2071; x_wconf 76' lang='lat' dir='ltr'>intelligitur,</span> 
     </span>
     <span class='ocr_line' id='line_1_14' title="bbox 344 2087 1324 2192; baseline 0.002 -26"><span class='ocrx_word' id='word_1_84' title='bbox 344 2099 476 2166; x_wconf 88' lang='lat' dir='ltr'>ridicule</span> <span class='ocrx_word' id='word_1_85' title='bbox 496 2097 707 2180; x_wconf 84' lang='lat' dir='ltr'>demonstrat3</span> <span class='ocrx_word' id='word_1_86' title='bbox 732 2098 792 2164; x_wconf 89' lang='lat' dir='ltr'>alia</span> <span class='ocrx_word' id='word_1_87' title='bbox 817 2087 944 2189; x_wconf 86' lang='lat' dir='ltr'>impleta</span> <span class='ocrx_word' id='word_1_88' title='bbox 962 2099 1046 2180; x_wconf 79' lang='lat' dir='ltr'>nult,</span> <span class='ocrx_word' id='word_1_89' title='bbox 1066 2123 1145 2190; x_wconf 87' lang='lat' dir='ltr'>quae</span> <span class='ocrx_word' id='word_1_90' title='bbox 1159 2113 1229 2192; x_wconf 89' lang='lat' dir='ltr'>post</span> <span class='ocrx_word' id='word_1_91' title='bbox 1238 2123 1324 2168; x_wconf 56' lang='lat' dir='ltr'>secu*</span> 
     </span>
     <span class='ocr_line' id='line_1_15' title="bbox 343 2213 1189 2310; baseline 0.005 -24"><span class='ocrx_word' id='word_1_92' title='bbox 343 2217 447 2286; x_wconf 87' lang='lat' dir='ltr'>lorum</span> <span class='ocrx_word' id='word_1_93' title='bbox 463 2217 590 2286; x_wconf 87' lang='lat' dir='ltr'>demum</span> <span class='ocrx_word' id='word_1_94' title='bbox 611 2213 775 2285; x_wconf 87' lang='lat' dir='ltr'>decursum</span> <span class='ocrx_word' id='word_1_95' title='bbox 793 2217 956 2310; x_wconf 90' lang='lat' dir='ltr'>impletum</span> <span class='ocrx_word' id='word_1_96' title='bbox 973 2219 1014 2286; x_wconf 88' lang='lat' dir='ltr'>iri</span> <span class='ocrx_word' id='word_1_97' title='bbox 1032 2219 1189 2290; x_wconf 83' lang='lat' dir='ltr'>ridentur.</span> 
     </span>
     <span class='ocr_line' id='line_1_16' title="bbox 352 2339 1322 2432; baseline -0.001 -24"><span class='ocrx_word' id='word_1_98' title='bbox 352 2357 355 2369; x_wconf 91' lang='lat'>&#39;</span> <span class='ocrx_word' id='word_1_99' title='bbox 390 2341 436 2408; x_wconf 77' lang='lat' dir='ltr'>Er</span> <span class='ocrx_word' id='word_1_100' title='bbox 470 2339 753 2432; x_wconf 80' lang='lat' dir='ltr'>septuagintavirali</span> <span class='ocrx_word' id='word_1_101' title='bbox 782 2339 922 2408; x_wconf 76' lang='lat' dir='ltr'>versione</span> <span class='ocrx_word' id='word_1_102' title='bbox 941 2340 1126 2432; x_wconf 89' lang='lat' dir='ltr'>plerumque</span> <span class='ocrx_word' id='word_1_103' title='bbox 1144 2342 1322 2410; x_wconf 83' lang='lat' dir='ltr'>memoriter</span> 
     </span>
     <span class='ocr_line' id='line_1_17' title="bbox 344 2459 1322 2554; baseline 0.001 -25"><span class='ocrx_word' id='word_1_104' title='bbox 344 2461 440 2542; x_wconf 87' lang='lat' dir='ltr'>citat,</span> <span class='ocrx_word' id='word_1_105' title='bbox 474 2459 559 2552; x_wconf 86' lang='lat' dir='ltr'>quod</span> <span class='ocrx_word' id='word_1_106' title='bbox 584 2473 615 2527; x_wconf 90' lang='lat' dir='ltr'>et</span> <span class='ocrx_word' id='word_1_107' title='bbox 642 2459 715 2526; x_wconf 88' lang='lat' dir='ltr'>inde</span> <span class='ocrx_word' id='word_1_108' title='bbox 742 2474 871 2552; x_wconf 87' lang='lat' dir='ltr'>apparet</span> <span class='ocrx_word' id='word_1_109' title='bbox 883 2511 892 2542; x_wconf 94' lang='lat'><strong><em>,</em></strong></span> <span class='ocrx_word' id='word_1_110' title='bbox 917 2459 989 2552; x_wconf 87' lang='lat' dir='ltr'>qaia</span> <span class='ocrx_word' id='word_1_111' title='bbox 1001 2510 1011 2543; x_wconf 91' lang='lat'><strong>,</strong></span> <span class='ocrx_word' id='word_1_112' title='bbox 1034 2485 1116 2554; x_wconf 87' lang='lat' dir='ltr'>quae</span> <span class='ocrx_word' id='word_1_113' title='bbox 1134 2461 1322 2530; x_wconf 85' lang='lat' dir='ltr'>diversorum</span> 
     </span>
     <span class='ocr_line' id='line_1_18' title="bbox 344 2581 1379 2675; baseline 0 -25"><span class='ocrx_word' id='word_1_114' title='bbox 344 2595 413 2650; x_wconf 88' lang='lat' dir='ltr'>sunt</span> <span class='ocrx_word' id='word_1_115' title='bbox 432 2582 674 2674; x_wconf 81' lang='lat' dir='ltr'>Prophetarum,</span> <span class='ocrx_word' id='word_1_116' title='bbox 690 2595 837 2672; x_wconf 87' lang='lat' dir='ltr'>tanquam</span> <span class='ocrx_word' id='word_1_117' title='bbox 852 2582 893 2649; x_wconf 82' lang='lat' dir='ltr'>ab</span> <span class='ocrx_word' id='word_1_118' title='bbox 912 2605 975 2650; x_wconf 88' lang='lat' dir='ltr'>uno</span> <span class='ocrx_word' id='word_1_119' title='bbox 992 2581 1164 2675; x_wconf 88' lang='lat' dir='ltr'>eodemque</span> <span class='ocrx_word' id='word_1_120' title='bbox 1183 2584 1322 2675; x_wconf 82' lang='lat' dir='ltr'>prolecta</span> <span class='ocrx_word' id='word_1_121' title='bbox 1375 2581 1379 2592; x_wconf 81' lang='grc'><strong>’</strong></span> 
     </span>
     <span class='ocr_line' id='line_1_19' title="bbox 343 2699 1318 2795; baseline 0.004 -25"><span class='ocrx_word' id='word_1_122' title='bbox 343 2704 441 2786; x_wconf 88' lang='lat' dir='ltr'>citat;</span> <span class='ocrx_word' id='word_1_123' title='bbox 488 2701 628 2770; x_wconf 85' lang='lat' dir='ltr'>codicem</span> <span class='ocrx_word' id='word_1_124' title='bbox 664 2699 787 2769; x_wconf 80' lang='lat' dir='ltr'>videtur</span> <span class='ocrx_word' id='word_1_125' title='bbox 813 2703 956 2772; x_wconf 83' lang='lat' dir='ltr'>habuisse</span> <span class='ocrx_word' id='word_1_126' title='bbox 982 2703 1071 2770; x_wconf 76' lang='lat' dir='ltr'>valde</span> <span class='ocrx_word' id='word_1_127' title='bbox 1098 2703 1318 2795; x_wconf 69' lang='lat' dir='ltr'>depravetumt</span> 
     </span>
     <span class='ocr_line' id='line_1_20' title="bbox 342 2823 1324 2914; baseline 0.003 -24"><span class='ocrx_word' id='word_1_128' title='bbox 342 2826 437 2908; x_wconf 81' lang='lat' dir='ltr'>rerba</span> <span class='ocrx_word' id='word_1_129' title='bbox 455 2824 607 2914; x_wconf 84' lang='lat' dir='ltr'>explicat,</span> <span class='ocrx_word' id='word_1_130' title='bbox 626 2836 718 2914; x_wconf 89' lang='lat' dir='ltr'>prout</span> <span class='ocrx_word' id='word_1_131' title='bbox 729 2823 762 2890; x_wconf 91' lang='lat' dir='ltr'>in</span> <span class='ocrx_word' id='word_1_132' title='bbox 775 2824 1037 2892; x_wconf 80' lang='lat' dir='ltr'>versioneGraeca</span> <span class='ocrx_word' id='word_1_133' title='bbox 1052 2838 1235 2907; x_wconf 84' lang='lat' dir='ltr'>occurrunt,</span> <span class='ocrx_word' id='word_1_134' title='bbox 1251 2825 1324 2894; x_wconf 87' lang='lat' dir='ltr'>lieet</span> 
     </span>
     <span class='ocr_line' id='line_1_21' title="bbox 343 2938 1226 3036; baseline 0 -25"><span class='ocrx_word' id='word_1_135' title='bbox 343 2965 434 3035; x_wconf 89' lang='lat' dir='ltr'>saepe</span> <span class='ocrx_word' id='word_1_136' title='bbox 456 2943 488 3008; x_wconf 86' lang='lat' dir='ltr'>in</span> <span class='ocrx_word' id='word_1_137' title='bbox 505 2938 621 3008; x_wconf 79' lang='lat' dir='ltr'>(lodice</span> <span class='ocrx_word' id='word_1_138' title='bbox 638 2942 781 3009; x_wconf 83' lang='lat' dir='ltr'>Hebraeo</span> <span class='ocrx_word' id='word_1_139' title='bbox 799 2943 891 3034; x_wconf 88' lang='lat' dir='ltr'>plane</span> <span class='ocrx_word' id='word_1_140' title='bbox 909 2943 993 3011; x_wconf 87' lang='lat' dir='ltr'>aliud</span> <span class='ocrx_word' id='word_1_141' title='bbox 1014 2944 1090 3036; x_wconf 88' lang='lat' dir='ltr'>qnid</span> <span class='ocrx_word' id='word_1_142' title='bbox 1109 2944 1226 3019; x_wconf 83' lang='lat' dir='ltr'>dicent.</span> 
     </span>
     <span class='ocr_line' id='line_1_22' title="bbox 347 3041 1321 3158; baseline 0.005 -29"><span class='ocrx_word' id='word_1_143' title='bbox 347 3093 351 3102; x_wconf 95' lang='lat'>·</span> <span class='ocrx_word' id='word_1_144' title='bbox 387 3063 425 3130; x_wconf 93' lang='lat' dir='ltr'>In</span> <span class='ocrx_word' id='word_1_145' title='bbox 444 3061 661 3132; x_wconf 84' lang='lat' dir='ltr'>vaticiniorum</span> <span class='ocrx_word' id='word_1_146' title='bbox 680 3041 933 3156; x_wconf 71' lang='lat' dir='ltr'>interpretatione</span> <span class='ocrx_word' id='word_1_147' title='bbox 949 3065 1096 3134; x_wconf 89' lang='lat' dir='ltr'>continuo</span> <span class='ocrx_word' id='word_1_148' title='bbox 1110 3064 1150 3131; x_wconf 89' lang='lat' dir='ltr'>ad</span> <span class='ocrx_word' id='word_1_149' title='bbox 1164 3067 1321 3158; x_wconf 75' lang='lat' dir='ltr'>allegorias</span> 
     </span>
     <span class='ocr_line' id='line_1_23' title="bbox 342 3183 1319 3278; baseline 0.003 -27"><span class='ocrx_word' id='word_1_150' title='bbox 342 3185 501 3275; x_wconf 78' lang='lat' dir='ltr'>confugit3</span> <span class='ocrx_word' id='word_1_151' title='bbox 527 3183 567 3250; x_wconf 90' lang='lat' dir='ltr'>ad</span> <span class='ocrx_word' id='word_1_152' title='bbox 586 3183 782 3275; x_wconf 89' lang='lat' dir='ltr'>probandum</span> <span class='ocrx_word' id='word_1_153' title='bbox 801 3185 946 3252; x_wconf 75' lang='lat' dir='ltr'>vaticinia</span> <span class='ocrx_word' id='word_1_154' title='bbox 966 3198 1077 3252; x_wconf 84' lang='lat' dir='ltr'>eventu</span> <span class='ocrx_word' id='word_1_155' title='bbox 1095 3209 1158 3253; x_wconf 90' lang='lat' dir='ltr'>esse</span> <span class='ocrx_word' id='word_1_156' title='bbox 1177 3209 1319 3278; x_wconf 90' lang='lat' dir='ltr'>compro·</span> 
     </span>
     <span class='ocr_line' id='line_1_24' title="bbox 342 3305 1321 3397; baseline 0 -23"><span class='ocrx_word' id='word_1_157' title='bbox 342 3308 437 3388; x_wconf 83' lang='lat' dir='ltr'>bata,</span> <span class='ocrx_word' id='word_1_158' title='bbox 471 3319 650 3397; x_wconf 75' lang='lat' dir='ltr'>argumenta</span> <span class='ocrx_word' id='word_1_159' title='bbox 678 3327 789 3397; x_wconf 89' lang='lat' dir='ltr'>parum</span> <span class='ocrx_word' id='word_1_160' title='bbox 819 3306 868 3372; x_wconf 80' lang='lat' dir='ltr'>vel</span> <span class='ocrx_word' id='word_1_161' title='bbox 891 3306 971 3373; x_wconf 88' lang='lat' dir='ltr'>nihil</span> <span class='ocrx_word' id='word_1_162' title='bbox 996 3305 1131 3374; x_wconf 90' lang='lat' dir='ltr'>dicentia</span> <span class='ocrx_word' id='word_1_163' title='bbox 1148 3305 1233 3374; x_wconf 83' lang='lat' dir='ltr'>haud</span> <span class='ocrx_word' id='word_1_164' title='bbox 1251 3328 1321 3374; x_wconf 88' lang='lat' dir='ltr'>rare</span> 
     </span>
     <span class='ocr_line' id='line_1_25' title="bbox 342 3425 1160 3522; baseline -0.001 -28"><span class='ocrx_word' id='word_1_165' title='bbox 342 3428 429 3494; x_wconf 80' lang='lat' dir='ltr'>affert</span> <span class='ocrx_word' id='word_1_166' title='bbox 440 3477 450 3508; x_wconf 92' lang='lat'><strong>,</strong></span> <span class='ocrx_word' id='word_1_167' title='bbox 474 3426 621 3522; x_wconf 82' lang='lat' dir='ltr'>historice</span> <span class='ocrx_word' id='word_1_168' title='bbox 640 3439 671 3494; x_wconf 89' lang='lat' dir='ltr'>et</span> <span class='ocrx_word' id='word_1_169' title='bbox 690 3425 905 3518; x_wconf 74' lang='lat' dir='ltr'>chronologice</span> <span class='ocrx_word' id='word_1_170' title='bbox 924 3448 1065 3518; x_wconf 86' lang='lat' dir='ltr'>peccans.</span> <span class='ocrx_word' id='word_1_171' title='bbox 1154 3497 1160 3504; x_wconf 63' lang='grc'><strong>,</strong></span> 
     </span>
    </p>

    <p class='ocr_par' dir='ltr' id='par_1_7' title="bbox 342 3546 1320 3760">
     <span class='ocr_line' id='line_1_26' title="bbox 387 3546 1320 3640; baseline -0.004 -22"><span class='ocrx_word' id='word_1_172' title='bbox 387 3547 518 3618; x_wconf 79' lang='lat' dir='ltr'>Etiamsi</span> <span class='ocrx_word' id='word_1_173' title='bbox 545 3546 623 3614; x_wconf 89' lang='lat' dir='ltr'>haec</span> <span class='ocrx_word' id='word_1_174' title='bbox 655 3548 851 3639; x_wconf 87' lang='lat' dir='ltr'>similiaque,</span> <span class='ocrx_word' id='word_1_175' title='bbox 885 3571 964 3639; x_wconf 91' lang='lat' dir='ltr'>quae</span> <span class='ocrx_word' id='word_1_176' title='bbox 991 3547 1045 3616; x_wconf 86' lang='lat' dir='ltr'>hle</span> <span class='ocrx_word' id='word_1_177' title='bbox 1073 3547 1170 3640; x_wconf 77' lang='lat' dir='ltr'>digito</span> <span class='ocrx_word' id='word_1_178' title='bbox 1201 3561 1320 3617; x_wconf 86' lang='lat' dir='ltr'>tanturn</span> 
     </span>
     <span class='ocr_line' id='line_1_27' title="bbox 342 3667 1319 3760; baseline -0.001 -24"><span class='ocrx_word' id='word_1_179' title='bbox 342 3683 513 3737; x_wconf 86' lang='lat' dir='ltr'>monstrare</span> <span class='ocrx_word' id='word_1_180' title='bbox 540 3669 718 3759; x_wconf 85' lang='lat' dir='ltr'>potuimus,</span> <span class='ocrx_word' id='word_1_181' title='bbox 743 3669 868 3735; x_wconf 88' lang='lat' dir='ltr'>omnino</span> <span class='ocrx_word' id='word_1_182' title='bbox 887 3667 1092 3760; x_wconf 86' lang='lat' dir='ltr'>improbanda</span> <span class='ocrx_word' id='word_1_183' title='bbox 1111 3668 1171 3735; x_wconf 89' lang='lat' dir='ltr'>sint</span> <span class='ocrx_word' id='word_1_184' title='bbox 1182 3717 1193 3749; x_wconf 87' lang='lat'><strong><em>,</em></strong></span> <span class='ocrx_word' id='word_1_185' title='bbox 1216 3681 1319 3735; x_wconf 86' lang='lat' dir='ltr'>temen</span> 
     </span>
    </p>
   </div>
   <div class='ocr_carea' id='block_1_5' title="bbox 231 3767 1320 4008">
    <p class='ocr_par' dir='ltr' id='par_1_8' title="bbox 231 3767 1320 4008">
     <span class='ocr_line' id='line_1_28' title="bbox 295 3767 1320 3880; baseline -0.002 -22"><span class='ocrx_word' id='word_1_186' title='bbox 295 3767 302 3782; x_wconf 57' lang='lat'><em>⁰</em></span> <span class='ocrx_word' id='word_1_187' title='bbox 341 3788 500 3858; x_wconf 79' lang='lat' dir='ltr'>lustinum</span> <span class='ocrx_word' id='word_1_188' title='bbox 523 3787 729 3876; x_wconf 78' lang='lat' dir='ltr'>excusandum</span> <span class='ocrx_word' id='word_1_189' title='bbox 752 3787 947 3880; x_wconf 79' lang='lat' dir='ltr'>putaverim,</span> <span class='ocrx_word' id='word_1_190' title='bbox 972 3789 1035 3856; x_wconf 93' lang='lat' dir='ltr'>imo</span> <span class='ocrx_word' id='word_1_191' title='bbox 1053 3787 1177 3856; x_wconf 85' lang='lat' dir='ltr'>leudem</span> <span class='ocrx_word' id='word_1_192' title='bbox 1197 3811 1320 3880; x_wconf 91' lang='lat' dir='ltr'>quoque</span> 
     </span>
     <span class='ocr_line' id='line_1_29' title="bbox 231 3907 1320 4008; baseline -0.003 -25"><span class='ocrx_word' id='word_1_193' title='bbox 231 3919 233 3926; x_wconf 87' lang='grc'><strong>’</strong></span> <span class='ocrx_word' id='word_1_194' title='bbox 344 3911 478 3991; x_wconf 85' lang='lat' dir='ltr'>mereri,</span> <span class='ocrx_word' id='word_1_195' title='bbox 514 3907 597 4000; x_wconf 91' lang='lat' dir='ltr'>quod</span> <span class='ocrx_word' id='word_1_196' title='bbox 634 3907 694 3978; x_wconf 87' lang='lat' dir='ltr'>hoc</span> <span class='ocrx_word' id='word_1_197' title='bbox 720 3923 934 4000; x_wconf 75' lang='lat' dir='ltr'>argumentum</span> <span class='ocrx_word' id='word_1_198' title='bbox 964 3909 1057 4008; x_wconf 85' lang='lat' dir='ltr'>modo</span> <span class='ocrx_word' id='word_1_199' title='bbox 1088 3909 1146 3977; x_wconf 91' lang='lat' dir='ltr'>sibi</span> <span class='ocrx_word' id='word_1_200' title='bbox 1174 3909 1264 4000; x_wconf 86' lang='lat' dir='ltr'>privo</span> <span class='ocrx_word' id='word_1_201' title='bbox 1290 3921 1320 3980; x_wconf 83' lang='lat' dir='ltr'>et</span> 
     </span>
    </p>
   </div>
   <div class='ocr_carea' id='block_1_6' title="bbox 354 4082 681 4108">
    <p class='ocr_par' dir='ltr' id='par_1_9' title="bbox 354 4082 681 4108">
     <span class='ocr_line' id='line_1_30' title="bbox 354 4082 681 4108; baseline -0.003 0"><span class='ocrx_word' id='word_1_202' title='bbox 354 4082 681 4108; x_wconf 55' lang='lat' dir='ltr'>ems—m—</span> 
     </span>
    </p>
   </div>
   <div class='ocr_carea' id='block_1_7' title="bbox 373 4183 661 4253">
    <p class='ocr_par' dir='ltr' id='par_1_10' title="bbox 373 4183 661 4253">
     <span class='ocr_line' id='line_1_31' title="bbox 373 4183 661 4253; baseline 0.007 -17"><span class='ocrx_word' id='word_1_203' title='bbox 373 4187 413 4253; x_wconf 84' lang='lat' dir='ltr'>(l)</span> <span class='ocrx_word' id='word_1_204' title='bbox 431 4183 452 4238; x_wconf 83' lang='lat' dir='ltr'>l</span> <span class='ocrx_word' id='word_1_205' title='bbox 472 4188 532 4253; x_wconf 80' lang='lat' dir='ltr'>Gap.</span> <span class='ocrx_word' id='word_1_206' title='bbox 552 4187 586 4236; x_wconf 81' lang='lat'>30</span> <span class='ocrx_word' id='word_1_207' title='bbox 605 4199 661 4250; x_wconf 75' lang='lat' dir='ltr'>sqq.</span> 
     </span>
    </p>
   </div>
   <div class='ocr_carea' id='block_1_8' title="bbox 0 0 1494 5106">
    <p class='ocr_par' dir='ltr' id='par_1_11' title="bbox 0 0 1494 5106">
     <span class='ocr_line' id='line_1_32' title="bbox 0 0 1494 5106; baseline 0 1"><span class='ocrx_word' id='word_1_208' title='bbox 0 0 1494 5106; x_wconf 95' lang='lat' dir='ltr'> </span> 
     </span>
    </p>
   </div>
  </div>
 </body>
</html>
