3010 5110
881 447 922 510 40

351 661 355 670 ·
412 645 559 712 monibus
589 643 735 710 somniari
762 643 843 711 soliti
856 663 873 725 ·,·
889 665 951 710 uon
969 665 1092 733 prorsus
1111 641 1151 708 ab
1169 640 1227 709 hec
1246 643 1414 733 opinione

413 766 506 831 alieni
528 779 625 832 essent
651 766 711 855 (1).

459 885 591 952 Laetitiai
615 884 748 975 quidam
768 885 913 965 affectus,
937 885 1024 975 quasi
1043 884 1204 950 victoriam
1222 883 1263 950 de
1282 881 1408 950 edver-

367 987 370 994 ’
411 1005 498 1072 seriis
524 1019 727 1096 reportasset,
751 1005 836 1070 eliud
848 1053 858 1086 ,
882 1018 917 1070 ut
936 1005 996 1096 ipsi
1018 1002 1203 1084 ridebatur,
1226 1003 1318 1073 haud
1338 1005 1407 1069 mi-

411 1149 468 1192 nus
496 1147 588 1216 grave
616 1138 831 1216 argumentum
851 1125 936 1214 petit
950 1147 985 1190 er
1005 1145 1061 1205 eo,
1086 1125 1174 1215 qued
1188 1127 1258 1215 ipsi
1267 1132 1405 1216 poetae

411 1255 442 1311 ct
461 1245 658 1337 philosophi
681 1247 801 1311 cultram
825 1248 923 1310 istum
932 1247 1087 1335 plurium
1105 1227 1251 1312 Deomm
1269 1247 1404 1310 irrise-

410 1369 483 1432 rint
511 1365 542 1430 el
570 1365 838 1446 cecademrazrciat,
871 1373 902 1430 et
929 1367 979 1430 ccl
999 1369 1168 1456 antiquum
1190 1367 1298 1446 paics
1329 1364 1404 1430 nez·

410 1487 531 1553 cutum
550 1487 663 1552 redire
674 1488 911 1577 praeceperint
931 1485 991 1574 (2).
1038 1486 1120 1552 Loca
1140 1506 1232 1575 quum
1252 1485 1399 1575 plurima

338 1636 343 1652 ·
408 1607 484 1674 citet
523 1604 690 1694 Aeschyli,
732 1605 915 1696 Sophoclis,
955 1605 1164 1685 Philemonis,
1203 1603 1395 1696 Euripidis,

415 1723 535 1816 Orphei
554 1726 629 1792 item
639 1738 671 1791 et
679 1725 887 1816 Pythagorae,
899 1726 1108 1816 aliorumque,
1126 1724 1396 1817 quihusdoctrina

410 1846 449 1913 de
469 1869 531 1914 uuo
551 1847 618 1916 Deo
637 1868 737 1936 eoque
750 1868 827 1937 pura
842 1859 945 1913 mente
963 1845 1091 1912 colendo
1111 1845 1215 1913 doceri
1232 1846 1394 1935 ramisque

407 1966 578 2034 rationibus
598 1965 702 2057 urgeri
721 1965 782 2056 ipsi
799 1965 943 2048 videtum
970 1988 1005 2032 er
1025 1967 1283 2056 quihuspateet,
1305 1968 1390 2057 ipsos

407 2087 463 2153 hos
482 2085 680 2177 philosophos
699 2108 750 2152 eos
767 2099 871 2152 mente
887 2099 992 2176 captos
1012 2086 1184 2169 censuisse,
1209 2088 1264 2177 qni
1282 2087 1388 2178 plures

399 2208 489 2274 ‘Deos
519 2223 631 2295 eosque
659 2205 793 2272 victimis
817 2218 870 2273 eut
891 2203 1025 2272 donariis
1044 2197 1097 2272 aut
1112 2206 1197 2272 festis
1217 2207 1278 2272 coli
1296 2229 1388 2296 posse

407 2339 573 2419 putarent,
607 2325 808 2392 simulacraue
833 2327 865 2392 in
889 2346 996 2392 eorum
1015 2324 1164 2392 honorem
1184 2337 1384 2394 exstruerent.

404 2449 473 2516 Etsi
502 2447 604 2516 omnia
632 2445 709 2514 haec
735 2447 802 2513 loca
824 2469 886 2512 nou
913 2447 951 2514 iis
970 2445 1134 2512 tribuenda
1153 2459 1245 2527 suut,
1269 2446 1384 2536 quihus

403 2569 544 2638 Justiuus
564 2567 680 2642 tributa
699 2567 781 2646 uult,
799 2579 902 2634 tamen
921 2589 938 2631 e
954 2566 1107 2632 veteribus
1126 2566 1251 2633 Graecis
1268 2565 1381 2632 adrer-

406 2688 478 2755 sarii
497 2687 581 2754 dieta
601 2685 824 2776 intelligebant.
851 2684 966 2772 Quodsi
984 2707 1129 2774 quaeras,
1141 2708 1180 2751 au
1189 2686 1267 2754 locis
1277 2687 1336 2753 illis
1346 2687 1379 2752 id

403 2808 498 2888 insit,
527 2806 611 2897 quod
633 2806 774 2874 lustinus
793 2806 830 2872 iis
849 2806 946 2873 inesse
964 2806 1077 2887 voluit,
1097 2819 1263 2896 putamus,
1284 2809 1378 2875 multa

404 2927 472 2993 loca
483 2975 493 3007 ,
526 2927 599 2993 licet
627 2927 728 3017 prima
747 2927 848 2993 fronte
870 2926 909 2992 de
926 2949 988 2994 uno
1006 2927 1072 2994 Deo
1089 2949 1180 3017 apere
1200 2926 1376 3009 rideantur,

304 3085 310 3098 ·
403 3047 507 3137 potius
535 3045 734 3137 intelligenda
754 3069 817 3114 esse
837 3045 876 3112 de
893 3047 972 3114 Jove
992 3047 1130 3114 omnium
1148 3070 1290 3136 supremo
1306 3049 1375 3116 Nu·

404 3168 506 3246 mine,
531 3189 625 3257 quam
645 3166 684 3233 de
697 3189 770 3234 sero
786 3167 874 3250 lle03
897 3166 981 3232 haud
999 3189 1098 3256 pauca
1114 3189 1238 3257 quoque
1253 3167 1372 3250 insunt,

403 3309 484 3377 quae
503 3287 699 3355 Pantheismo
717 3289 831 3356 iurent.
878 3287 1035 3354 lustinum
1055 3299 1158 3354 tamen
1178 3289 1249 3378 piac
1265 3285 1373 3354 fraudis

404 3408 534 3476 crimine
553 3409 726 3474 ahsolutum
745 3409 856 3490 relim3
882 3421 1022 3498 pugnant
1039 3431 1096 3498 pro
1112 3407 1170 3474 hac
1188 3410 1286 3476 uestri
1303 3431 1372 3476 sen·

404 3527 500 3596 leutii
518 3541 586 3594 tum
604 3528 684 3610 ilia,
705 3541 772 3594 tum
791 3527 943 3619 imprimis
964 3527 1081 3596 citandi
1099 3542 1129 3596 et
1149 3529 1371 3620 argumentandi

403 3650 482 3717 ratio
494 3699 504 3730 ,
538 3671 574 3714 ex
600 3671 661 3738 que
690 3649 788 3716 omnis
813 3648 967 3738 suspicio,
991 3671 1027 3714 ao
1045 3649 1070 3715 si
1090 3648 1367 3718 aduersariis'rerba

429 3907 469 3974 (l)
488 3909 526 3958 Cf.
546 3924 677 3968 ustrou,
700 3909 709 3956 l
732 3908 760 3956 ll.
783 3907 793 3955 l
815 3905 894 3957 Abth.
923 3907 1009 3970 ibique
1027 3908 1105 3957 citata
1122 3907 1178 3958 loce
1194 3907 1372 3958 »terriculis

394 3995 500 4060 defectu
524 3988 709 4043 oraculorum
722 3993 782 4057 Cap.
805 3992 835 4040 13
856 4007 894 4054 sq.
923 3991 1035 4055 inprimis
1062 4005 1210 4054 surinus,
1230 4006 1298 4055 quem
1314 3991 1371 4042 citet

392 4093 505 4127 susumus
523 4077 783 4140 in-Pruepcruticne
801 4074 906 4139 Eucnq.
927 4074 981 4122 Lib.
1002 4074 1046 4125 lV.
1068 4076 1128 4139 Cep.
1147 4073 1191 4125 21.

427 4161 467 4228 (2)
487 4161 526 4210 Da
547 4160 686 4214 Menarch.
708 4160 742 4221 2,
763 4160 796 4215 3,
817 4159 842 4208 6.
881 4157 990 4224 Apoleq.
1011 4158 1033 4209 1.
1053 4158 1088 4220 6,
1107 4156 1150 4206 20.
