2978 5106
791 403 870 466 180

307 563 329 582 ἰ
354 595 535 687 religionem
563 591 791 662 commendant.
805 632 859 664 ,-
879 591 1048 685 Christiani
1077 599 1159 667 enim
1189 611 1257 668 eam
1272 664 1276 672 .
1289 605 1337 672 in*

353 718 462 808 primis
490 716 542 782 oh¹
558 737 681 799 causam
712 714 787 784 mali
810 714 952 784 homines
979 715 1225 809 reputabantur,
1250 723 1336 822 quod

352 838 526 928 impiimeo
543 836 646 903 'ullam
663 837 800 903 Deorum
820 838 1216 922 reverentiomnabentes,
1235 844 1334 932 justas

351 955 524 1026 Numinum
543 953 692 1022 uindicias
711 955 953 1024 haudtmetuere
970 959 1235 1050 pervulgarentur.
1259 963 1333 1030 lam

350 1099 486 1164 reroer
513 1099 551 1143 eo
576 1076 663 1170 ipso,
688 1075 773 1167 quod
793 1075 962 1146 Christiani
970 1077 1131 1170 ,judicium
1151 1105 1330 1172 supremum

350 1211 541 1279 statuerent,
567 1221 661 1288 quam
689 1197 885 1266 falsaeistue
903 1186 1074 1268 calumniae
1092 1215 1191 1270 essent
1201 1251 1213 1285 ,
1236 1204 1329 1270 luou-

346 1319 513 1406 lentissime
532 1305 671 1410 patebat.
990 1305 992 1310 ¹

396 1438 744 1532 Christiaui‘praeterea
761 1431 918 1508 fanatismi
936 1444 981 1508 rei
998 1442 1218 1526 habebantur,
1245 1445 1329 1538 qnod

347 1543 518 1643 Ethnioos,
546 1583 587 1628 ne
614 1561 647 1628 in
666 1562 855 1654 professione
874 1563 1094 1654 persisterent,
1117 1580 1277 1634 monentes
1297 1581 1328 1636 et

346 1683 546 1764 minitantes,
564 1704 689 1772 ¹parum
717 1695 883 1764 curarent,
917 1685 981 1751 imo
1008 1697 1186 1776 spernerent
1204 1710 1328 1776 prorsus

346 1814 377 1869 et
406 1801 517 1868 ardore
544 1801 680 1893 quodam
709 1802 805 1870 fidem
832 1817 932 1870 morte
955 1807 1180 1909 consignarent.
1235 1807 1328 1876 Haud

287 1984 288 1992 ,
343 1921 454 1990 melius
472 1936 556 1990 uerte
576 1923 731 1990 fanatiami
751 1923 998 1992 criminationem
1026 1926 1215 2017 Apologetae
1243 1927 1327 1994 refu·

347 2059 413 2112 tare
428 2057 592 2135 poterant,
618 2067 712 2135 quum
729 2045 755 2112 si
775 2044 964 2114 Christianos
979 2059 1143 2137 propterea
1157 2046 1327 2130 Iltlrnicos,

345 2189 422 2258 quos
440 2189 504 2234 non
521 2179 664 2256 poterant
681 2190 745 2234 non
763 2167 890 2258 injustos
905 2175 937 2236 e't
955 2168 1061 2236 stultos
1074 2159 1217 2250 habere,
1240 2143 1325 2238 houd

345 2299 502 2374 metuere,
530 2308 590 2352 nee
614 2259 749 2354 mortem
771 2301 918 2379 oppetere
946 2287 1111 2370 dubitare,
1144 2280 1326 2380 probarenta

345 2407 418 2498 quia
437 2407 533 2473 vitam
550 2405 717 2475 humanam
731 2431 795 2475 non
812 2406 904 2498 hujus
919 2409 1001 2476 ritae
1019 2409 1177 2482 limitibus
1190 2409 1324 2502 eiroum·

345 2527 493 2618 seriptum
511 2526 689 2610 crederent,
709 2527 764 2596 sed
781 2511 877 2596 vitam
895 2530 1058 2596 coelestem
1076 2553 1207 2622 eamque
1224 2543 1324 2598 aeter·

344 2667 417 2714 nam
437 2648 650 2730 intuerentur,
669 2649 703 2714 in
719 2671 780 2740 quo
793 2651 994 2740 ,corporibus
1003 2649 1110 2718 donati
1120 2652 1322 2733 coelestibus,

344 2769 411 2835 Deo
431 2767 704 2858 omniseio,'justo
723 2748 906 2858 injustorum
923 2769 1066 2852 rin'diee,
1086 2770 1148 2838 suis
1164 2793 1239 2838 uero
1259 2773 1324 2840 out*

341 2887 461 2954 toribus
501 2907 596 2978 quum
632 2889 765 2956 maxime
802 2889 957 2980 benigno,
985 2889 1194 2992 'familiariter
1223 2893 1339 2969 amieo,

340 3019 501 3075 uterentur
524 3007 585 3108 (1).

387 3126 537 3198 llti⁴haee
554 3128 715 3198 lustinum
732 3130 865 3223 probare
883 3132 1108 3224 impellebant,
1133 3131 1322 3201 Christianos

341 3248 420 3316 haee
440 3250 554 3338 plaoita
574 3273 637 3317 non
655 3265 776 3320 tantum
795 3265 951 3334 statuere,
967 3275 1075 3322 verum
1093 3251 1216 3322 eosdem
1236 3275 1322 3345 mog*
1367 3239 1370 3248 ’

340 3391 457 3464 nopere
477 3371 520 3438 iis
534 3371 681 3440 delectari
693 3424 703 3455 ,
715 3373 759 3442 ita
775 3374 854 3442 aliae
872 3397 1000 3456 causae,
1019 3396 1136 3464 eaeque
1154 3372 1239 3440 haud
1256 3374 1321 3442 mi-

339 3515 398 3584 nus
426 3515 531 3585 graves
542 3541 554 3575 ,
583 3494 685 3584 ipsum
714 3494 906 3577 inuitabant,
933 3493 1107 3566 utiterum
1134 3493 1324 3592 placitorum

337 3613 487 3683 vindicias
505 3627 627 3682 strenue
645 3629 761 3706 ageret.

386 3735 483 3803 Erant
510 3756 624 3826 nempe
653 3735 734 3802 inter
761 3735 842 3827 ipsos
860 3734 1030 3819 Ethnieos,
1047 3736 1103 3836 qui
1117 3759 1180 3806 non
1198 3748 1317 3803 tantum

340 3877 505 3948 corporum
535 3855 800 3924 resuscitationem
822 3855 982 3940 riderent,
1005 3878 1113 3924 rerum
1138 3855 1233 3924 etiam
1252 3878 1318 3922 ma-

346 4029 699 4048 m

368 4119 407 4188 (1)
425 4121 544 4173 Jnrrmuu
560 4123 611 4178 hoo
625 4123 772 4192 saepissime,
784 4128 868 4189 turpet.
903 4127 944 4177 cl.
963 4143 987 4176 a.
1009 4143 1033 4177 o.
1055 4125 1132 4193 Apol.
1153 4126 1175 4176 lt
1193 4127 1220 4178 8.
1241 4125 1278 4176 ll.
1294 4123 1321 4176 4ae

1463 3780 1470 3998 t

1463 4123 1469 4239 t
