<?xml version="1.0" encoding="UTF-8"?>
<!DOCTYPE html PUBLIC "-//W3C//DTD XHTML 1.0 Transitional//EN"
    "http://www.w3.org/TR/xhtml1/DTD/xhtml1-transitional.dtd">
<html xmlns="http://www.w3.org/1999/xhtml" xml:lang="en" lang="en">
 <head>
  <title>
</title>
<meta http-equiv="Content-Type" content="text/html;charset=utf-8" />
  <meta name='ocr-system' content='tesseract 3.04.00' />
  <meta name='ocr-capabilities' content='ocr_page ocr_carea ocr_par ocr_line ocrx_word'/>
</head>
<body>
  <div class='ocr_page' id='page_1' title='image "./dejustinomartyr00junigoog_0116.png"; bbox 0 0 2978 5106; ppageno 0'>
   <div class='ocr_carea' id='block_1_1' title="bbox 645 478 850 582">
    <p class='ocr_par' dir='ltr' id='par_1_1' title="bbox 645 478 850 582">
     <span class='ocr_line' id='line_1_1' title="bbox 645 478 850 582; baseline 0.005 -41"><span class='ocrx_word' id='word_1_1' title='bbox 645 478 850 582; x_wconf 69' lang='grc' dir='ltr'><strong>ι102</strong></span> 
     </span>
    </p>
   </div>
   <div class='ocr_carea' id='block_1_2' title="bbox 330 671 1320 1250">
    <p class='ocr_par' dir='ltr' id='par_1_2' title="bbox 330 671 1320 1127">
     <span class='ocr_line' id='line_1_2' title="bbox 335 671 1319 768; baseline 0.003 -23"><span class='ocrx_word' id='word_1_2' title='bbox 335 683 403 750; x_wconf 84' lang='lat' dir='ltr'><strong>Deo</strong></span> <span class='ocrx_word' id='word_1_3' title='bbox 421 687 638 768; x_wconf 80' lang='lat' dir='ltr'><strong>precarentur,</strong></span> <span class='ocrx_word' id='word_1_4' title='bbox 655 671 796 764; x_wconf 85' lang='lat' dir='ltr'><strong>adeoque</strong></span> <span class='ocrx_word' id='word_1_5' title='bbox 811 674 897 741; x_wconf 88' lang='lat' dir='ltr'><strong>omni</strong></span> <span class='ocrx_word' id='word_1_6' title='bbox 914 674 1035 742; x_wconf 89' lang='lat' dir='ltr'><strong>ratione</strong></span> <span class='ocrx_word' id='word_1_7' title='bbox 1044 673 1319 761; x_wconf 58' lang='lat' dir='ltr'><strong>:nndnadnnsue</strong></span> 
     </span>
     <span class='ocr_line' id='line_1_3' title="bbox 334 793 1320 887; baseline -0.001 -19"><span class='ocrx_word' id='word_1_8' title='bbox 334 795 486 868; x_wconf 89' lang='lat' dir='ltr'><strong>tolerandi</strong></span> <span class='ocrx_word' id='word_1_9' title='bbox 515 807 633 875; x_wconf 78' lang='lat' dir='ltr'><strong>essent,</strong></span> <span class='ocrx_word' id='word_1_10' title='bbox 669 793 765 884; x_wconf 88' lang='lat' dir='ltr'><strong>idque</strong></span> <span class='ocrx_word' id='word_1_11' title='bbox 798 816 838 861; x_wconf 90' lang='lat' dir='ltr'><strong>eo</strong></span> <span class='ocrx_word' id='word_1_12' title='bbox 870 795 984 886; x_wconf 74' lang='lat' dir='ltr'><strong>magis,</strong></span> <span class='ocrx_word' id='word_1_13' title='bbox 1022 817 1119 887; x_wconf 85' lang='lat' dir='ltr'><strong>qunnr</strong></span> <span class='ocrx_word' id='word_1_14' title='bbox 1146 809 1237 865; x_wconf 88' lang='lat' dir='ltr'><strong>antea</strong></span> <span class='ocrx_word' id='word_1_15' title='bbox 1260 799 1320 869; x_wconf 84' lang='lat' dir='ltr'><strong>ins</strong></span> 
     </span>
     <span class='ocr_line' id='line_1_4' title="bbox 331 915 1316 1008; baseline 0.004 -24"><span class='ocrx_word' id='word_1_16' title='bbox 331 922 459 986; x_wconf 79' lang='lat' dir='ltr'><strong>virtutes</strong></span> <span class='ocrx_word' id='word_1_17' title='bbox 478 919 525 984; x_wconf 84' lang='lat' dir='ltr'><strong>rel</strong></span> <span class='ocrx_word' id='word_1_18' title='bbox 542 919 719 1008; x_wconf 72' lang='lat' dir='ltr'><strong>ignorarem</strong></span> <span class='ocrx_word' id='word_1_19' title='bbox 741 915 851 1005; x_wconf 89' lang='lat' dir='ltr'><strong>plane,</strong></span> <span class='ocrx_word' id='word_1_20' title='bbox 872 916 919 984; x_wconf 83' lang='lat' dir='ltr'><strong>vel</strong></span> <span class='ocrx_word' id='word_1_21' title='bbox 937 917 1100 985; x_wconf 85' lang='lat' dir='ltr'><strong>contrariis</strong></span> <span class='ocrx_word' id='word_1_22' title='bbox 1119 939 1184 986; x_wconf 84' lang='lat' dir='ltr'><strong>sese</strong></span> <span class='ocrx_word' id='word_1_23' title='bbox 1195 941 1316 988; x_wconf 72' lang='lat' dir='ltr'><strong>surann-</strong></span> 
     </span>
     <span class='ocr_line' id='line_1_5' title="bbox 330 1037 612 1127; baseline -0.007 -19"><span class='ocrx_word' id='word_1_24' title='bbox 330 1043 429 1108; x_wconf 89' lang='lat' dir='ltr'><strong>lnrent</strong></span> <span class='ocrx_word' id='word_1_25' title='bbox 447 1037 530 1106; x_wconf 86' lang='lat' dir='ltr'><strong>ritiis</strong></span> <span class='ocrx_word' id='word_1_26' title='bbox 551 1039 612 1127; x_wconf 78' lang='lat'><strong>(1).</strong></span> 
     </span>
    </p>

    <p class='ocr_par' dir='ltr' id='par_1_3' title="bbox 377 1155 1318 1250">
     <span class='ocr_line' id='line_1_6' title="bbox 377 1155 1318 1250; baseline -0.016 -21"><span class='ocrx_word' id='word_1_27' title='bbox 377 1161 484 1230; x_wconf 91' lang='lat' dir='ltr'><strong>Unurn</strong></span> <span class='ocrx_word' id='word_1_28' title='bbox 500 1157 641 1226; x_wconf 78' lang='lat' dir='ltr'><strong>Ethnieis</strong></span> <span class='ocrx_word' id='word_1_29' title='bbox 662 1177 817 1248; x_wconf 84' lang='lat' dir='ltr'><strong>superesse</strong></span> <span class='ocrx_word' id='word_1_30' title='bbox 835 1155 1018 1239; x_wconf 81' lang='lat' dir='ltr'><strong>ridebatur,</strong></span> <span class='ocrx_word' id='word_1_31' title='bbox 1038 1181 1201 1250; x_wconf 68' lang='lat' dir='ltr'><strong>quomens</strong></span> <span class='ocrx_word' id='word_1_32' title='bbox 1214 1158 1318 1229; x_wconf 60' lang='lat' dir='ltr'><strong>chri.</strong></span> 
     </span>
    </p>
   </div>
   <div class='ocr_carea' id='block_1_3' title="bbox 235 1277 1313 1355">
    <p class='ocr_par' dir='ltr' id='par_1_4' title="bbox 235 1277 1313 1355">
     <span class='ocr_line' id='line_1_7' title="bbox 235 1277 1313 1355; baseline -0.001 -4"><span class='ocrx_word' id='word_1_33' title='bbox 235 1277 240 1292; x_wconf 79' lang='grc'><strong>’</strong></span> <span class='ocrx_word' id='word_1_34' title='bbox 330 1283 443 1350; x_wconf 90' lang='lat' dir='ltr'><strong>stianos</strong></span> <span class='ocrx_word' id='word_1_35' title='bbox 466 1277 620 1348; x_wconf 86' lang='lat' dir='ltr'><strong>tractandi</strong></span> <span class='ocrx_word' id='word_1_36' title='bbox 645 1277 797 1344; x_wconf 86' lang='lat' dir='ltr'><strong>rationem</strong></span> <span class='ocrx_word' id='word_1_37' title='bbox 824 1293 1001 1346; x_wconf 76' lang='lat' dir='ltr'><strong>excusarent</strong></span> <span class='ocrx_word' id='word_1_38' title='bbox 1028 1293 1060 1348; x_wconf 90' lang='lat' dir='ltr'><strong>et</strong></span> <span class='ocrx_word' id='word_1_39' title='bbox 1088 1279 1313 1355; x_wconf 78' lang='lat' dir='ltr'><strong>defenderent:</strong></span> 
     </span>
    </p>
   </div>
   <div class='ocr_carea' id='block_1_4' title="bbox 317 1397 1315 4028">
    <p class='ocr_par' dir='ltr' id='par_1_5' title="bbox 322 1397 1315 2681">
     <span class='ocr_line' id='line_1_8' title="bbox 329 1397 1313 1494; baseline 0 -23"><span class='ocrx_word' id='word_1_40' title='bbox 329 1402 470 1471; x_wconf 85' lang='lat' dir='ltr'><strong>nonnulli</strong></span> <span class='ocrx_word' id='word_1_41' title='bbox 501 1401 557 1490; x_wconf 84' lang='lat' dir='ltr'><strong>(ite</strong></span> <span class='ocrx_word' id='word_1_42' title='bbox 577 1399 782 1491; x_wconf 88' lang='lat' dir='ltr'><strong>objiciebant)</strong></span> <span class='ocrx_word' id='word_1_43' title='bbox 806 1421 842 1466; x_wconf 86' lang='lat' dir='ltr'><strong>er</strong></span> <span class='ocrx_word' id='word_1_44' title='bbox 872 1397 1057 1468; x_wconf 85' lang='lat' dir='ltr'><strong>Ghristianis</strong></span> <span class='ocrx_word' id='word_1_45' title='bbox 1083 1403 1172 1492; x_wconf 79' lang='lat' dir='ltr'><strong>pravi</strong></span> <span class='ocrx_word' id='word_1_46' title='bbox 1200 1402 1313 1494; x_wconf 86' lang='lat' dir='ltr'><strong>depre-</strong></span> 
     </span>
     <span class='ocr_line' id='line_1_9' title="bbox 330 1519 1315 1615; baseline 0.002 -23"><span class='ocrx_word' id='word_1_47' title='bbox 330 1524 419 1592; x_wconf 90' lang='lat' dir='ltr'><strong>hensi</strong></span> <span class='ocrx_word' id='word_1_48' title='bbox 447 1519 517 1591; x_wconf 81' lang='lat' dir='ltr'><strong>sunt</strong></span> <span class='ocrx_word' id='word_1_49' title='bbox 529 1571 539 1604; x_wconf 93' lang='lat'><strong>,</strong></span> <span class='ocrx_word' id='word_1_50' title='bbox 572 1536 665 1612; x_wconf 87' lang='lat' dir='ltr'><strong>atque</strong></span> <span class='ocrx_word' id='word_1_51' title='bbox 690 1520 767 1590; x_wconf 90' lang='lat' dir='ltr'><strong>adeo</strong></span> <span class='ocrx_word' id='word_1_52' title='bbox 791 1522 831 1588; x_wconf 93' lang='lat' dir='ltr'><strong>ob</strong></span> <span class='ocrx_word' id='word_1_53' title='bbox 852 1520 917 1612; x_wconf 84' lang='lat' dir='ltr'><strong>ipse</strong></span> <span class='ocrx_word' id='word_1_54' title='bbox 936 1521 1089 1605; x_wconf 84' lang='lat' dir='ltr'><strong>erimine,</strong></span> <span class='ocrx_word' id='word_1_55' title='bbox 1113 1547 1247 1615; x_wconf 86' lang='lat' dir='ltr'><strong>quornm</strong></span> <span class='ocrx_word' id='word_1_56' title='bbox 1266 1528 1315 1594; x_wconf 79' lang='lat' dir='ltr'><strong>rei</strong></span> 
     </span>
     <span class='ocr_line' id='line_1_10' title="bbox 331 1641 1313 1736; baseline 0.002 -25"><span class='ocrx_word' id='word_1_57' title='bbox 331 1644 627 1736; x_wconf 86' lang='lat' dir='ltr'><strong>deprehenduntur,</strong></span> <span class='ocrx_word' id='word_1_58' title='bbox 644 1641 814 1732; x_wconf 76' lang='lat' dir='ltr'><strong>castigandi</strong></span> <span class='ocrx_word' id='word_1_59' title='bbox 831 1642 893 1732; x_wconf 82' lang='lat'><strong>(2).</strong></span> <span class='ocrx_word' id='word_1_60' title='bbox 932 1642 1091 1726; x_wconf 84' lang='lat' dir='ltr'><strong>Justinns,</strong></span> <span class='ocrx_word' id='word_1_61' title='bbox 1110 1645 1200 1736; x_wconf 85' lang='lat' dir='ltr'><strong>quasi</strong></span> <span class='ocrx_word' id='word_1_62' title='bbox 1218 1644 1313 1713; x_wconf 76' lang='lat' dir='ltr'><strong>chri-</strong></span> 
     </span>
     <span class='ocr_line' id='line_1_11' title="bbox 331 1760 1313 1857; baseline 0.001 -25"><span class='ocrx_word' id='word_1_63' title='bbox 331 1766 428 1832; x_wconf 82' lang='lat' dir='ltr'><strong>stiana</strong></span> <span class='ocrx_word' id='word_1_64' title='bbox 447 1763 574 1832; x_wconf 87' lang='lat' dir='ltr'><strong>societas</strong></span> <span class='ocrx_word' id='word_1_65' title='bbox 590 1763 665 1829; x_wconf 91' lang='lat' dir='ltr'><strong>tales</strong></span> <span class='ocrx_word' id='word_1_66' title='bbox 681 1760 798 1828; x_wconf 86' lang='lat' dir='ltr'><strong>habere</strong></span> <span class='ocrx_word' id='word_1_67' title='bbox 814 1784 876 1829; x_wconf 90' lang='lat' dir='ltr'><strong>nnn</strong></span> <span class='ocrx_word' id='word_1_68' title='bbox 895 1763 1048 1853; x_wconf 80' lang='lat' dir='ltr'><strong>posset,&#39;a</strong></span> <span class='ocrx_word' id='word_1_69' title='bbox 1063 1763 1225 1854; x_wconf 84' lang='lat' dir='ltr'><strong>judicibus</strong></span> <span class='ocrx_word' id='word_1_70' title='bbox 1240 1789 1313 1857; x_wconf 89' lang='lat' dir='ltr'><strong>pos·</strong></span> 
     </span>
     <span class='ocr_line' id='line_1_12' title="bbox 328 1882 1311 1978; baseline 0 -25"><span class='ocrx_word' id='word_1_71' title='bbox 328 1887 406 1953; x_wconf 86' lang='lat' dir='ltr'><strong>tulat</strong></span> <span class='ocrx_word' id='word_1_72' title='bbox 423 1899 458 1952; x_wconf 88' lang='lat' dir='ltr'><strong>ut</strong></span> <span class='ocrx_word' id='word_1_73' title='bbox 477 1882 649 1952; x_wconf 79' lang='lat' dir='ltr'><strong>istiusmodi</strong></span> <span class='ocrx_word' id='word_1_74' title='bbox 667 1883 809 1950; x_wconf 90' lang='lat' dir='ltr'><strong>homines</strong></span> <span class='ocrx_word' id='word_1_75' title='bbox 825 1905 928 1950; x_wconf 78' lang='lat' dir='ltr'><strong>severe</strong></span> <span class='ocrx_word' id='word_1_76' title='bbox 946 1885 1152 1976; x_wconf 75' lang='lat' dir='ltr'><strong>castigentur,</strong></span> <span class='ocrx_word' id='word_1_77' title='bbox 1170 1907 1236 1953; x_wconf 73' lang='lat' dir='ltr'><strong>»neo</strong></span> <span class='ocrx_word' id='word_1_78' title='bbox 1253 1909 1311 1978; x_wconf 89' lang='lat' dir='ltr'><strong>pro</strong></span> 
     </span>
     <span class='ocr_line' id='line_1_13' title="bbox 327 2003 1309 2087; baseline 0.001 -13"><span class='ocrx_word' id='word_1_79' title='bbox 327 2006 511 2074; x_wconf 82' lang='lat' dir='ltr'><strong>Ghiistianis</strong></span> <span class='ocrx_word' id='word_1_80' title='bbox 533 2005 724 2087; x_wconf 85' lang='lat' dir='ltr'><strong>habeantur3</strong></span> <span class='ocrx_word' id='word_1_81' title='bbox 748 2006 861 2086; x_wconf 81' lang='lat' dir='ltr'><strong>simui,</strong></span> <span class='ocrx_word' id='word_1_82' title='bbox 881 2003 920 2071; x_wconf 86' lang='lat' dir='ltr'><strong>de</strong></span> <span class='ocrx_word' id='word_1_83' title='bbox 946 2003 1192 2074; x_wconf 69' lang='lat' dir='ltr'><strong>Christianorum</strong></span> <span class='ocrx_word' id='word_1_84' title='bbox 1218 2010 1309 2076; x_wconf 89' lang='lat' dir='ltr'><strong>inno·</strong></span> 
     </span>
     <span class='ocr_line' id='line_1_14' title="bbox 324 2125 1309 2220; baseline 0.004 -27"><span class='ocrx_word' id='word_1_85' title='bbox 324 2129 424 2194; x_wconf 83' lang='lat' dir='ltr'><strong>nentia</strong></span> <span class='ocrx_word' id='word_1_86' title='bbox 447 2149 626 2217; x_wconf 89' lang='lat' dir='ltr'><strong>persuasus,</strong></span> <span class='ocrx_word' id='word_1_87' title='bbox 650 2125 842 2216; x_wconf 89' lang='lat' dir='ltr'><strong>ajudioibus</strong></span> <span class='ocrx_word' id='word_1_88' title='bbox 864 2139 972 2218; x_wconf 89' lang='lat' dir='ltr'><strong>petens</strong></span> <span class='ocrx_word' id='word_1_89' title='bbox 990 2141 1022 2194; x_wconf 93' lang='lat' dir='ltr'><strong>et</strong></span> <span class='ocrx_word' id='word_1_90' title='bbox 1039 2128 1202 2220; x_wconf 52' lang='lat' dir='ltr'><strong>flagitans»,</strong></span> <span class='ocrx_word' id='word_1_91' title='bbox 1216 2131 1309 2197; x_wconf 63' lang='lat' dir='ltr'><strong>¹nt‘in</strong></span> 
     </span>
     <span class='ocr_line' id='line_1_15' title="bbox 324 2245 1306 2341; baseline 0.003 -26"><span class='ocrx_word' id='word_1_92' title='bbox 324 2248 463 2316; x_wconf 89' lang='lat' dir='ltr'><strong>omnium</strong></span> <span class='ocrx_word' id='word_1_93' title='bbox 484 2245 750 2328; x_wconf 76' lang='lat' dir='ltr'><strong>Christianorum,</strong></span> <span class='ocrx_word' id='word_1_94' title='bbox 774 2247 829 2338; x_wconf 86' lang='lat' dir='ltr'><strong>qui</strong></span> <span class='ocrx_word' id='word_1_95' title='bbox 845 2260 992 2339; x_wconf 86' lang='lat' dir='ltr'><strong>tanquam</strong></span> <span class='ocrx_word' id='word_1_96' title='bbox 1011 2249 1099 2341; x_wconf 76' lang='lat' dir='ltr'><strong>previ</strong></span> <span class='ocrx_word' id='word_1_97' title='bbox 1113 2249 1256 2318; x_wconf 65' lang='lat' dir='ltr'><strong>hominu</strong></span> <span class='ocrx_word' id='word_1_98' title='bbox 1274 2265 1306 2318; x_wconf 90' lang='lat' dir='ltr'><strong>at</strong></span> 
     </span>
     <span class='ocr_line' id='line_1_16' title="bbox 323 2365 1308 2462; baseline 0.002 -24"><span class='ocrx_word' id='word_1_99' title='bbox 323 2371 404 2438; x_wconf 79' lang='lat' dir='ltr'><strong>cives</strong></span> <span class='ocrx_word' id='word_1_100' title='bbox 423 2368 623 2450; x_wconf 81' lang='lat' dir='ltr'><strong>deferantur,</strong></span> <span class='ocrx_word' id='word_1_101' title='bbox 651 2365 788 2436; x_wconf 82' lang='lat' dir='ltr'><strong>facinora</strong></span> <span class='ocrx_word' id='word_1_102' title='bbox 805 2367 969 2461; x_wconf 75' lang='lat' dir='ltr'><strong>diligenter</strong></span> <span class='ocrx_word' id='word_1_103' title='bbox 986 2369 1161 2462; x_wconf 81' lang='lat' dir='ltr'><strong>inqrriratur</strong></span> <span class='ocrx_word' id='word_1_104' title='bbox 1171 2419 1182 2454; x_wconf 91' lang='lat'><strong>,</strong></span> <span class='ocrx_word' id='word_1_105' title='bbox 1201 2393 1308 2439; x_wconf 84' lang='lat' dir='ltr'><strong>rerum</strong></span> 
     </span>
     <span class='ocr_line' id='line_1_17' title="bbox 322 2479 1305 2584; baseline 0.002 -26"><span class='ocrx_word' id='word_1_106' title='bbox 322 2491 434 2573; x_wconf 87' lang='lat' dir='ltr'><strong>etiem,</strong></span> <span class='ocrx_word' id='word_1_107' title='bbox 455 2493 481 2558; x_wconf 92' lang='lat' dir='ltr'><strong>si</strong></span> <span class='ocrx_word' id='word_1_108' title='bbox 497 2490 664 2557; x_wconf 89' lang='lat' dir='ltr'><strong>criminum</strong></span> <span class='ocrx_word' id='word_1_109' title='bbox 680 2479 764 2556; x_wconf 89' lang='lat' dir='ltr'><strong>haud</strong></span> <span class='ocrx_word' id='word_1_110' title='bbox 782 2489 829 2556; x_wconf 89' lang='lat' dir='ltr'><strong>rei</strong></span> <span class='ocrx_word' id='word_1_111' title='bbox 849 2488 1141 2581; x_wconf 84' lang='lat' dir='ltr'><strong>deprehendentur,</strong></span> <span class='ocrx_word' id='word_1_112' title='bbox 1153 2505 1305 2584; x_wconf 80' lang='lat' dir='ltr'><strong>tanquam</strong></span> 
     </span>
     <span class='ocr_line' id='line_1_18' title="bbox 323 2609 1296 2681; baseline -0.004 -3"><span class='ocrx_word' id='word_1_113' title='bbox 323 2613 448 2680; x_wconf 84' lang='lat' dir='ltr'><strong>innocui</strong></span> <span class='ocrx_word' id='word_1_114' title='bbox 467 2609 637 2678; x_wconf 79' lang='lat' dir='ltr'><strong>honorifice</strong></span> <span class='ocrx_word' id='word_1_115' title='bbox 655 2610 864 2681; x_wconf 88' lang='lat' dir='ltr'><strong>remittantur.</strong></span> <span class='ocrx_word' id='word_1_116' title='bbox 1294 2663 1296 2674; x_wconf 92' lang='lat'>.</span> 
     </span>
    </p>

    <p class='ocr_par' dir='ltr' id='par_1_6' title="bbox 317 2729 1307 4028">
     <span class='ocr_line' id='line_1_19' title="bbox 367 2729 1307 2822; baseline 0.001 -22"><span class='ocrx_word' id='word_1_117' title='bbox 367 2732 484 2820; x_wconf 82' lang='lat' dir='ltr'><strong>Quodsi</strong></span> <span class='ocrx_word' id='word_1_118' title='bbox 502 2731 580 2798; x_wconf 87' lang='lat' dir='ltr'><strong>haee</strong></span> <span class='ocrx_word' id='word_1_119' title='bbox 599 2744 798 2821; x_wconf 76' lang='lat' dir='ltr'><strong>argumenta,</strong></span> <span class='ocrx_word' id='word_1_120' title='bbox 816 2731 929 2822; x_wconf 88' lang='lat' dir='ltr'><strong>quibus</strong></span> <span class='ocrx_word' id='word_1_121' title='bbox 947 2729 1137 2800; x_wconf 69' lang='lat' dir='ltr'><strong>Christianos</strong></span> <span class='ocrx_word' id='word_1_122' title='bbox 1156 2733 1236 2801; x_wconf 76' lang='lat' dir='ltr'><strong>falso</strong></span> <span class='ocrx_word' id='word_1_123' title='bbox 1255 2733 1307 2801; x_wconf 81' lang='lat' dir='ltr'><strong>&#39;dt-</strong></span> 
     </span>
     <span class='ocr_line' id='line_1_20' title="bbox 322 2825 1305 2942; baseline 0.004 -24"><span class='ocrx_word' id='word_1_124' title='bbox 322 2865 443 2918; x_wconf 87' lang='lat' dir='ltr'><strong>otorum</strong></span> <span class='ocrx_word' id='word_1_125' title='bbox 464 2851 631 2917; x_wconf 91' lang='lat' dir='ltr'><strong>oriminurn</strong></span> <span class='ocrx_word' id='word_1_126' title='bbox 650 2825 719 2917; x_wconf 79' lang='lat' dir='ltr'><strong>reos</strong></span> <span class='ocrx_word' id='word_1_127' title='bbox 737 2849 851 2916; x_wconf 85' lang='lat' dir='ltr'><strong>haberi</strong></span> <span class='ocrx_word' id='word_1_128' title='bbox 866 2851 1031 2942; x_wconf 82' lang='lat' dir='ltr'><strong>probaret,</strong></span> <span class='ocrx_word' id='word_1_129' title='bbox 1052 2851 1305 2936; x_wconf 80' lang='lat' dir='ltr'><strong>nonsideremns,</strong></span> 
     </span>
     <span class='ocr_line' id='line_1_21' title="bbox 321 2970 1305 3064; baseline 0.005 -26"><span class='ocrx_word' id='word_1_130' title='bbox 321 2984 450 3064; x_wconf 86' lang='lat' dir='ltr'><strong>apparet</strong></span> <span class='ocrx_word' id='word_1_131' title='bbox 479 2993 541 3037; x_wconf 91' lang='lat' dir='ltr'><strong>non</strong></span> <span class='ocrx_word' id='word_1_132' title='bbox 570 2970 673 3036; x_wconf 88' lang='lat' dir='ltr'><strong>omnia</strong></span> <span class='ocrx_word' id='word_1_133' title='bbox 699 2993 736 3036; x_wconf 88' lang='lat' dir='ltr'><strong>ea</strong></span> <span class='ocrx_word' id='word_1_134' title='bbox 762 2973 846 3054; x_wconf 75' lang='lat' dir='ltr'><strong>esse,</strong></span> <span class='ocrx_word' id='word_1_135' title='bbox 877 2973 1117 3063; x_wconf 75' lang='lat' dir='ltr'><strong>quae-dithr&#39;riois</strong></span> <span class='ocrx_word' id='word_1_136' title='bbox 1135 2974 1183 3041; x_wconf 82' lang='lat' dir='ltr'><strong>de</strong></span> <span class='ocrx_word' id='word_1_137' title='bbox 1203 2974 1305 3043; x_wconf 74' lang='lat' dir='ltr'><strong>ssusi-</strong></span> 
     </span>
     <span class='ocr_line' id='line_1_22' title="bbox 320 3091 1304 3183; baseline 0.005 -24"><span class='ocrx_word' id='word_1_138' title='bbox 320 3093 489 3160; x_wconf 89' lang='lat' dir='ltr'><strong>stianorunr</strong></span> <span class='ocrx_word' id='word_1_139' title='bbox 506 3091 683 3158; x_wconf 83' lang='lat' dir='ltr'><strong>innocentia</strong></span> <span class='ocrx_word' id='word_1_140' title='bbox 698 3091 934 3183; x_wconf 77' lang='lat' dir='ltr'><strong>persuaderenta</strong></span> <span class='ocrx_word' id='word_1_141' title='bbox 952 3107 985 3167; x_wconf 86' lang='lat' dir='ltr'><strong>at</strong></span> <span class='ocrx_word' id='word_1_142' title='bbox 1000 3113 1071 3162; x_wconf 80' lang='lat' dir='ltr'><strong>vero</strong></span> <span class='ocrx_word' id='word_1_143' title='bbox 1081 3097 1228 3164; x_wconf 87' lang='lat' dir='ltr'><strong>Justinns</strong></span> <span class='ocrx_word' id='word_1_144' title='bbox 1240 3119 1304 3166; x_wconf 84' lang='lat' dir='ltr'><strong>non</strong></span> 
     </span>
     <span class='ocr_line' id='line_1_23' title="bbox 320 3212 1305 3305; baseline 0.006 -27"><span class='ocrx_word' id='word_1_145' title='bbox 320 3212 403 3278; x_wconf 85' lang='lat' dir='ltr'><strong>aliud</strong></span> <span class='ocrx_word' id='word_1_146' title='bbox 416 3235 506 3305; x_wconf 77' lang='lat' dir='ltr'><strong>agere</strong></span> <span class='ocrx_word' id='word_1_147' title='bbox 517 3213 637 3304; x_wconf 89' lang='lat' dir='ltr'><strong>potnit,</strong></span> <span class='ocrx_word' id='word_1_148' title='bbox 649 3231 743 3303; x_wconf 87' lang='lat' dir='ltr'><strong>qnam</strong></span> <span class='ocrx_word' id='word_1_149' title='bbox 754 3232 924 3305; x_wconf 75' lang='lat' dir='ltr'><strong>exponere,</strong></span> <span class='ocrx_word' id='word_1_150' title='bbox 936 3213 1187 3284; x_wconf 64' lang='lat' dir='ltr'><strong>dmonstrnreet</strong></span> <span class='ocrx_word' id='word_1_151' title='bbox 1197 3239 1305 3284; x_wconf 85' lang='lat' dir='ltr'><strong>enem-</strong></span> 
     </span>
     <span class='ocr_line' id='line_1_24' title="bbox 319 3331 1304 3428; baseline 0.006 -28"><span class='ocrx_word' id='word_1_152' title='bbox 319 3333 380 3426; x_wconf 85' lang='lat' dir='ltr'><strong>plis</strong></span> <span class='ocrx_word' id='word_1_153' title='bbox 396 3334 597 3416; x_wconf 85' lang='lat' dir='ltr'><strong>confirmare,</strong></span> <span class='ocrx_word' id='word_1_154' title='bbox 610 3331 803 3404; x_wconf 76' lang='lat' dir='ltr'><strong>Christianos</strong></span> <span class='ocrx_word' id='word_1_155' title='bbox 815 3335 945 3404; x_wconf 82' lang='lat' dir='ltr'><strong>nrinrinn</strong></span> <span class='ocrx_word' id='word_1_156' title='bbox 954 3337 966 3419; x_wconf 46' lang='grc' dir='ltr'><em>ί</em></span> <span class='ocrx_word' id='word_1_157' title='bbox 976 3338 1304 3428; x_wconf 59' lang='lat' dir='ltr'><strong>quorumnonusabnn*</strong></span> 
     </span>
     <span class='ocr_line' id='line_1_25' title="bbox 319 3457 1300 3549; baseline 0.005 -29"><span class='ocrx_word' id='word_1_158' title='bbox 319 3467 388 3536; x_wconf 91' lang='lat' dir='ltr'><strong>tur,</strong></span> <span class='ocrx_word' id='word_1_159' title='bbox 413 3465 476 3520; x_wconf 87' lang='lat' dir='ltr'><strong>tota</strong></span> <span class='ocrx_word' id='word_1_160' title='bbox 495 3468 600 3521; x_wconf 86' lang='lat' dir='ltr'><strong>ruente</strong></span> <span class='ocrx_word' id='word_1_161' title='bbox 616 3457 748 3523; x_wconf 82' lang='lat' dir='ltr'><strong>aversari</strong></span> <span class='ocrx_word' id='word_1_162' title='bbox 759 3505 769 3538; x_wconf 94' lang='lat'><strong>,</strong></span> <span class='ocrx_word' id='word_1_163' title='bbox 793 3457 894 3548; x_wconf 85' lang='lat' dir='ltr'><strong>iisqne</strong></span> <span class='ocrx_word' id='word_1_164' title='bbox 906 3459 1004 3549; x_wconf 74' lang='lat' dir='ltr'><strong>&gt;plana</strong></span> <span class='ocrx_word' id='word_1_165' title='bbox 1021 3459 1174 3526; x_wconf 78' lang='lat' dir='ltr'><strong>contraria</strong></span> <span class='ocrx_word' id='word_1_166' title='bbox 1184 3459 1300 3549; x_wconf 58' lang='lat' dir='ltr'><strong>opere:</strong></span> 
     </span>
     <span class='ocr_line' id='line_1_26' title="bbox 319 3571 1302 3671; baseline 0.007 -31"><span class='ocrx_word' id='word_1_167' title='bbox 319 3575 375 3666; x_wconf 86' lang='lat' dir='ltr'><strong>qni</strong></span> <span class='ocrx_word' id='word_1_168' title='bbox 402 3573 513 3641; x_wconf 86' lang='lat' dir='ltr'><strong>melius</strong></span> <span class='ocrx_word' id='word_1_169' title='bbox 538 3571 784 3643; x_wconf 72' lang='lat' dir='ltr'><strong>Christianorum</strong></span> <span class='ocrx_word' id='word_1_170' title='bbox 797 3578 1012 3646; x_wconf 74' lang='lat' dir='ltr'><strong>innocentiam</strong></span> <span class='ocrx_word' id='word_1_171' title='bbox 1026 3579 1164 3671; x_wconf 75' lang='lat' dir='ltr'><strong>probare</strong></span> <span class='ocrx_word' id='word_1_172' title='bbox 1182 3579 1302 3671; x_wconf 75' lang='lat' dir='ltr'><strong>potnit,</strong></span> 
     </span>
     <span class='ocr_line' id='line_1_27' title="bbox 318 3693 1302 3788; baseline 0.002 -27"><span class='ocrx_word' id='word_1_173' title='bbox 318 3712 413 3786; x_wconf 86' lang='lat' dir='ltr'><strong>quam</strong></span> <span class='ocrx_word' id='word_1_174' title='bbox 440 3720 457 3761; x_wconf 92' lang='lat' dir='ltr'><strong>a</strong></span> <span class='ocrx_word' id='word_1_175' title='bbox 480 3693 641 3785; x_wconf 86' lang='lat' dir='ltr'><strong>judicibus</strong></span> <span class='ocrx_word' id='word_1_176' title='bbox 660 3695 849 3788; x_wconf 71' lang='lat' dir='ltr'><strong>flagitando,</strong></span> <span class='ocrx_word' id='word_1_177' title='bbox 873 3713 913 3767; x_wconf 84' lang='lat' dir='ltr'><strong>nt</strong></span> <span class='ocrx_word' id='word_1_178' title='bbox 929 3713 1073 3768; x_wconf 81' lang='lat' dir='ltr'><strong>eouurrte</strong></span> <span class='ocrx_word' id='word_1_179' title='bbox 1091 3703 1126 3768; x_wconf 88' lang='lat' dir='ltr'><strong>in</strong></span> <span class='ocrx_word' id='word_1_180' title='bbox 1142 3697 1302 3768; x_wconf 62' lang='lat' dir='ltr'><strong>(thrittia-</strong></span> 
     </span>
     <span class='ocr_line' id='line_1_28' title="bbox 317 3817 1303 3915; baseline 0.005 -32"><span class='ocrx_word' id='word_1_181' title='bbox 317 3839 428 3884; x_wconf 85' lang='lat' dir='ltr'><strong>norunr</strong></span> <span class='ocrx_word' id='word_1_182' title='bbox 457 3839 558 3885; x_wconf 90' lang='lat' dir='ltr'><strong>mores</strong></span> <span class='ocrx_word' id='word_1_183' title='bbox 585 3817 794 3908; x_wconf 87' lang='lat' dir='ltr'><strong>inquirentes,</strong></span> <span class='ocrx_word' id='word_1_184' title='bbox 819 3821 891 3904; x_wconf 88' lang='lat' dir='ltr'><strong>hos,</strong></span> <span class='ocrx_word' id='word_1_185' title='bbox 917 3823 942 3892; x_wconf 91' lang='lat' dir='ltr'><strong>si</strong></span> <span class='ocrx_word' id='word_1_186' title='bbox 966 3823 1062 3891; x_wconf 85' lang='lat' dir='ltr'><strong>malos</strong></span> <span class='ocrx_word' id='word_1_187' title='bbox 1082 3819 1303 3915; x_wconf 82' lang='lat' dir='ltr'><strong>deprehende·</strong></span> 
     </span>
     <span class='ocr_line' id='line_1_29' title="bbox 317 3938 726 4028; baseline 0.01 -27"><span class='ocrx_word' id='word_1_188' title='bbox 317 3950 409 4017; x_wconf 86' lang='lat' dir='ltr'><strong>rent,</strong></span> <span class='ocrx_word' id='word_1_189' title='bbox 433 3959 537 4004; x_wconf 82' lang='lat' dir='ltr'><strong>serere</strong></span> <span class='ocrx_word' id='word_1_190' title='bbox 556 3938 726 4028; x_wconf 83' lang='lat' dir='ltr'><strong>punirent?</strong></span> 
     </span>
    </p>
   </div>
   <div class='ocr_carea' id='block_1_5' title="bbox 323 4065 417 4078">
    <p class='ocr_par' dir='ltr' id='par_1_7' title="bbox 323 4065 417 4078">
     <span class='ocr_line' id='line_1_30' title="bbox 323 4065 417 4078; baseline -0.032 0"><span class='ocrx_word' id='word_1_191' title='bbox 323 4065 417 4078; x_wconf 56' lang='lat' dir='ltr'><strong>m—</strong></span> 
     </span>
    </p>
   </div>
   <div class='ocr_carea' id='block_1_6' title="bbox 346 4121 586 4271">
    <p class='ocr_par' dir='ltr' id='par_1_8' title="bbox 346 4121 586 4271">
     <span class='ocr_line' id='line_1_31' title="bbox 346 4121 586 4187; baseline 0 -17"><span class='ocrx_word' id='word_1_192' title='bbox 346 4123 386 4186; x_wconf 71' lang='lat' dir='ltr'><strong>rr)</strong></span> <span class='ocrx_word' id='word_1_193' title='bbox 403 4122 480 4187; x_wconf 77' lang='lat' dir='ltr'><strong>Apol.</strong></span> <span class='ocrx_word' id='word_1_194' title='bbox 500 4123 522 4172; x_wconf 86' lang='lat' dir='ltr'><strong>r.</strong></span> <span class='ocrx_word' id='word_1_195' title='bbox 547 4121 586 4172; x_wconf 81' lang='lat'><strong>17.</strong></span> 
     </span>
     <span class='ocr_line' id='line_1_32' title="bbox 348 4204 571 4271; baseline 0.009 -18"><span class='ocrx_word' id='word_1_196' title='bbox 348 4207 387 4271; x_wconf 82' lang='lat'><strong>(2)</strong></span> <span class='ocrx_word' id='word_1_197' title='bbox 406 4205 480 4271; x_wconf 70' lang='lat' dir='ltr'><strong>spor.</strong></span> <span class='ocrx_word' id='word_1_198' title='bbox 503 4206 524 4254; x_wconf 89' lang='lat' dir='ltr'><strong>r.</strong></span> <span class='ocrx_word' id='word_1_199' title='bbox 546 4204 571 4256; x_wconf 87' lang='lat'><strong>7.</strong></span> 
     </span>
    </p>
   </div>
   <div class='ocr_carea' id='block_1_7' title="bbox 0 0 1494 5106">
    <p class='ocr_par' dir='ltr' id='par_1_9' title="bbox 0 0 1494 5106">
     <span class='ocr_line' id='line_1_33' title="bbox 0 0 1494 5106; baseline 0 5"><span class='ocrx_word' id='word_1_200' title='bbox 0 0 1494 5106; x_wconf 95' lang='lat' dir='ltr'><strong> </strong></span> 
     </span>
    </p>
   </div>
  </div>
 </body>
</html>
