2978 5106
830 454 871 516 84

415 653 468 720 Est
485 651 545 718 hoc
562 651 729 742 placitum,
750 647 831 739 quod
842 647 930 718 Sacri
946 647 1070 716 codicis
1088 649 1227 717 doctrinh
1244 651 1342 741 inpri-

273 815 277 826 ·
368 775 426 840 mis
455 773 582 838 docetur
614 783 645 837 et
673 769 891 838 confirmatur:
928 767 1116 860 argumentis
1150 793 1185 836 er
1223 772 1341 837 ratione

366 894 470 984 petitis
497 915 559 960 non
588 887 665 958 adeo
691 891 849 959 euidenter
878 890 1004 982 probari
1030 904 1152 980 potest;
1182 913 1293 956 rerum
1311 903 1342 957 et

369 1039 408 1082 ne
422 1015 482 1082 hoc
502 1014 629 1104 quidem
637 1013 778 1081 lustinus
796 1011 945 1103 negligit,
965 1024 1047 1077 recte
1065 1011 1120 1092 id,
1146 1010 1231 1101 quod
1248 1012 1342 1078 semel

356 1135 483 1215 inerit,
514 1154 685 1224 numquam
707 1155 831 1224 prorsus
854 1113 998 1212 interire,
1031 1129 1239 1214 contendens;
1266 1131 1341 1200 item

368 1255 506 1322 animum
536 1253 714 1348 habitapulo
745 1252 905 1343 indigere,
937 1253 1069 1318 maxime
1097 1251 1193 1342 (quod
1220 1254 1344 1328 ἀπαθές

364 1380 399 1442 τὸ
430 1373 605 1462 ἀσώματον)
639 1387 674 1440 ut
703 1395 831 1463 corpore
860 1370 993 1464 indutus
1012 1393 1124 1462 poenas
1159 1371 1245 1437 luere
1271 1393 1341 1462 pos·

367 1495 407 1562 sit
428 1494 495 1583 (1);
517 1493 655 1560 omnium
675 1493 808 1560 maxime
823 1491 883 1559 Ilei
901 1491 1156 1582 omnipotentiam
1174 1503 1263 1581 urget
1273 1491 1339 1580 (2),

367 1614 484 1705 quippe
511 1613 563 1678 cui
591 1613 692 1680 minus
720 1611 847 1680 difficile
881 1613 938 1692 sit,
977 1609 1135 1678 hominem
1166 1633 1184 1678 e
1211 1611 1341 1679 mortuis

364 1734 565 1814 resuscitare,
585 1753 677 1823 quam
697 1731 824 1822 quidem
844 1754 949 1798 creare
965 1732 1026 1822 (3).

412 1855 472 1937 lis,
493 1854 548 1945 qui
559 1852 698 1920 dicerent
714 1875 879 1944 corporum
889 1854 1151 1921 resuscitationem
1161 1854 1228 1921 Ileo
1237 1849 1338 1942 indig-

364 1997 438 2040 unm
455 1997 535 2056 esse,
559 1975 602 2042 ita
626 1974 780 2044 occurrit:
806 1972 966 2039 hominem
984 1973 1044 2040 Ilei
1064 1973 1231 2064 imaginem
1252 1994 1336 2054 esse,
1407 2013 1409 2018 ,

363 2118 457 2185 quam
477 2095 560 2161 Deus
578 2117 641 2160 non
656 2093 751 2184 possit
765 2115 827 2159 non
841 2115 962 2175 amaro;
975 2115 1036 2183 qno
1046 2105 1149 2160 tamen
1157 2103 1337 2183 argsmemo

361 2236 471 2305 parum
489 2215 538 2280 rel
556 2213 635 2279 nihil
653 2211 850 2282 demonstrat.
896 2212 1033 2303 Quisque
1054 2211 1159 2293 ridet,
1176 2211 1335 2280 Justinum

362 2332 403 2398 ad
420 2333 481 2400 hoo
497 2332 665 2422 placitum,
686 2331 725 2399 de
744 2334 831 2422 cujus
849 2333 978 2401 veritate
993 2332 1135 2401 Ethnicis
1153 2331 1336 2424 persuadere

264 2509 266 2516 .
361 2453 445 2520 haud
464 2452 542 2519 adeo
560 2452 650 2520 facile
667 2467 734 2520 erat
745 2503 754 2534 ‚
767 2452 971 2535 firmandum,
989 2466 1186 2546 argumenta,
1203 2453 1261 2520 etsi
1276 2473 1336 2519 non

360 2574 464 2642 omnia
484 2595 583 2662 aeque
600 2571 701 2638 valida
712 2622 722 2654 ,
746 2574 906 2664 popularia
925 2587 1030 2640 tamen
1049 2573 1139 2642 etad
1159 2573 1243 2665 vulgi
1263 2595 1335 2663 cap·

360 2709 428 2761 tum
448 2693 594 2761 attulisse.
637 2691 726 2758 Licet
750 2692 889 2760 Justinus
910 2691 948 2758 de
969 2690 1060 2782 hujus
1079 2693 1187 2784 placiti
1208 2692 1336 2759 veritate

358 2814 500 2880 Ethnicis
517 2836 579 2880 non
596 2813 802 2903 persuaserit,
827 2826 910 2880 certe
930 2814 1040 2880 merito
1058 2814 1185 2903 injustos
1201 2835 1255 2880 eos
1265 2835 1336 2878 cen·

359 2931 452 3012 aicit,
470 2931 554 3021 quod
566 2928 754 2998 christianos
771 2931 812 2997 ob
832 2933 894 2998 tale
908 2935 1076 3023 placitum,
1094 2937 1146 3000 cui
1162 2933 1221 3024 ipsi
1237 2933 1336 3000 simile

359 3049 517 3140 quoddam
545 3049 584 3116 de
610 3049 867 3140 metempsychosi
896 3065 1081 3132 statuerent,
1109 3073 1334 3143 persequeren-

359 3183 428 3251 tur;
454 3181 486 3238 et
501 3169 542 3236 ob
567 3169 627 3237 hoc
647 3169 814 3259 placitum,
835 3193 931 3261 quum
941 3195 1002 3238 non
1014 3184 1091 3239 esset
1100 3171 1161 3237 nisi
1170 3171 1335 3261 pectdiaris

359 3287 604 3357 Christianorum
619 3311 720 3370 error,
733 3288 922 3358 Christianos
938 3292 1082 3382 persequi
1099 3315 1193 3381 quam
1202 3291 1336 3358 maxime

358 3411 502 3499 iniquum
520 3432 604 3489 esse,
630 3409 781 3499 quamdiu
801 3410 836 3476 hi
852 3411 1017 3478 criminum
1035 3435 1098 3479 non
1116 3411 1335 3478 convinceren-

358 3544 410 3596 tur
421 3529 483 3618 (t).
507 3529 575 3595 1100
593 3551 716 3619 quoqne
734 3529 987 3619 placitoJudioes
1006 3531 1097 3598 tacite
1115 3532 1163 3597 rel
1179 3545 1287 3622 aperte
1296 3531 1336 3597 ad

360 3646 535 3716 Christiana
562 3669 646 3714 sacra
673 3648 792 3728 allicit,
815 3648 917 3716 nitide
942 3649 979 3717 iis
997 3649 1165 3742 depingens
1183 3673 1336 3718 summam

385 3907 424 3972 (ι)
444 3907 518 3958 nter.
540 3908 560 3957 r.

384 3993 423 4057 (a)
442 3993 518 4056 apat.
538 3993 559 4042 r.
583 3991 623 4041 to.

382 4075 423 4140 (3)
440 4074 512 4138 Quod
530 4077 612 4123 teman
634 4075 715 4124 minut
732 4077 808 4126 valet.
839 4041 880 4127 ct
895 4093 985 4127 terrra
1004 4079 1029 4126 iu
1045 4079 1139 4129 comm.
1157 4079 1202 4127 cit.
1221 4095 1279 4145 pag.
1297 4078 1343 4132 80.

381 4160 420 4226 (4)
440 4158 516 4224 Apol.
537 4159 557 4206 1.
582 4158 621 4208 te.
