<?xml version="1.0" encoding="UTF-8"?>
<!DOCTYPE html PUBLIC "-//W3C//DTD XHTML 1.0 Transitional//EN"
    "http://www.w3.org/TR/xhtml1/DTD/xhtml1-transitional.dtd">
<html xmlns="http://www.w3.org/1999/xhtml" xml:lang="en" lang="en">
 <head>
  <title>
</title>
<meta http-equiv="Content-Type" content="text/html;charset=utf-8" />
  <meta name='ocr-system' content='tesseract 3.04.00' />
  <meta name='ocr-capabilities' content='ocr_page ocr_carea ocr_par ocr_line ocrx_word'/>
</head>
<body>
  <div class='ocr_page' id='page_1' title='image "./dejustinomartyr00junigoog_0100.png"; bbox 0 0 2978 5106; ppageno 0'>
   <div class='ocr_carea' id='block_1_1' title="bbox 828 447 870 510">
    <p class='ocr_par' dir='ltr' id='par_1_1' title="bbox 828 447 870 510">
     <span class='ocr_line' id='line_1_1' title="bbox 828 447 870 510; baseline -0.048 0"><span class='ocrx_word' id='word_1_1' title='bbox 828 447 870 510; x_wconf 87' lang='grc'><strong>86</strong></span> 
     </span>
    </p>
   </div>
   <div class='ocr_carea' id='block_1_2' title="bbox 328 639 1340 3745">
    <p class='ocr_par' dir='ltr' id='par_1_2' title="bbox 328 639 1337 2060">
     <span class='ocr_line' id='line_1_2' title="bbox 407 639 1331 732; baseline -0.01 -17"><span class='ocrx_word' id='word_1_2' title='bbox 407 643 458 716; x_wconf 76' lang='lat' dir='ltr'><strong>ad</strong></span> <span class='ocrx_word' id='word_1_3' title='bbox 486 644 615 712; x_wconf 77' lang='lat' dir='ltr'><strong>verbum</strong></span> <span class='ocrx_word' id='word_1_4' title='bbox 640 663 731 732; x_wconf 85' lang='lat' dir='ltr'><strong>saepe</strong></span> <span class='ocrx_word' id='word_1_5' title='bbox 748 641 824 709; x_wconf 86' lang='lat' dir='ltr'><strong>Jesu</strong></span> <span class='ocrx_word' id='word_1_6' title='bbox 840 653 1005 732; x_wconf 82' lang='lat' dir='ltr'><strong>praecepta</strong></span> <span class='ocrx_word' id='word_1_7' title='bbox 1023 641 1151 706; x_wconf 89' lang='lat' dir='ltr'><strong>moralia</strong></span> <span class='ocrx_word' id='word_1_8' title='bbox 1171 641 1247 706; x_wconf 80' lang='lat' dir='ltr'><strong>uitat</strong></span> <span class='ocrx_word' id='word_1_9' title='bbox 1267 639 1331 728; x_wconf 80' lang='lat'><strong>(1),</strong></span> 
     </span>
     <span class='ocr_line' id='line_1_3' title="bbox 362 759 1334 854; baseline -0.007 -21"><span class='ocrx_word' id='word_1_10' title='bbox 362 779 396 833; x_wconf 94' lang='lat' dir='ltr'><strong>ut</strong></span> <span class='ocrx_word' id='word_1_11' title='bbox 412 767 444 830; x_wconf 92' lang='lat' dir='ltr'><strong>in</strong></span> <span class='ocrx_word' id='word_1_12' title='bbox 455 763 740 854; x_wconf 75' lang='lat' dir='ltr'><strong>Euangelistarum,</strong></span> <span class='ocrx_word' id='word_1_13' title='bbox 759 761 909 828; x_wconf 76' lang='lat' dir='ltr'><strong>Matthaei</strong></span> <span class='ocrx_word' id='word_1_14' title='bbox 927 763 1082 840; x_wconf 83' lang='lat' dir='ltr'><strong>maxime,</strong></span> <span class='ocrx_word' id='word_1_15' title='bbox 1103 759 1224 850; x_wconf 83' lang='lat' dir='ltr'><strong>seriptis</strong></span> <span class='ocrx_word' id='word_1_16' title='bbox 1242 779 1334 850; x_wconf 83' lang='lat' dir='ltr'><strong>repe-</strong></span> 
     </span>
     <span class='ocr_line' id='line_1_4' title="bbox 360 880 1329 974; baseline -0.004 -22"><span class='ocrx_word' id='word_1_17' title='bbox 360 888 497 955; x_wconf 88' lang='lat' dir='ltr'><strong>riuntur:</strong></span> <span class='ocrx_word' id='word_1_18' title='bbox 524 885 625 952; x_wconf 85' lang='lat' dir='ltr'><strong>Deum</strong></span> <span class='ocrx_word' id='word_1_19' title='bbox 636 905 734 950; x_wconf 89' lang='lat' dir='ltr'><strong>unum</strong></span> <span class='ocrx_word' id='word_1_20' title='bbox 752 896 856 950; x_wconf 85' lang='lat' dir='ltr'><strong>mente</strong></span> <span class='ocrx_word' id='word_1_21' title='bbox 873 905 950 974; x_wconf 91' lang='lat' dir='ltr'><strong>pura</strong></span> <span class='ocrx_word' id='word_1_22' title='bbox 968 896 999 950; x_wconf 87' lang='lat' dir='ltr'><strong>et</strong></span> <span class='ocrx_word' id='word_1_23' title='bbox 1017 880 1329 963; x_wconf 87' lang='lat' dir='ltr'><strong>sinoereoolendnm;</strong></span> 
     </span>
     <span class='ocr_line' id='line_1_5' title="bbox 361 1002 1333 1098; baseline -0.006 -26"><span class='ocrx_word' id='word_1_24' title='bbox 361 1007 486 1098; x_wconf 81' lang='lat' dir='ltr'><strong>quaevis</strong></span> <span class='ocrx_word' id='word_1_25' title='bbox 516 1007 559 1072; x_wconf 92' lang='lat' dir='ltr'><strong>ita</strong></span> <span class='ocrx_word' id='word_1_26' title='bbox 587 1007 636 1096; x_wconf 80' lang='lat' dir='ltr'><strong>agi</strong></span> <span class='ocrx_word' id='word_1_27' title='bbox 666 1017 830 1095; x_wconf 78' lang='lat' dir='ltr'><strong>oportere,</strong></span> <span class='ocrx_word' id='word_1_28' title='bbox 854 1017 889 1070; x_wconf 92' lang='lat' dir='ltr'><strong>ut</strong></span> <span class='ocrx_word' id='word_1_29' title='bbox 907 1003 973 1072; x_wconf 83' lang='lat' dir='ltr'><strong>Deo</strong></span> <span class='ocrx_word' id='word_1_30' title='bbox 992 1002 1065 1070; x_wconf 87' lang='lat' dir='ltr'><strong>iude</strong></span> <span class='ocrx_word' id='word_1_31' title='bbox 1083 1003 1123 1070; x_wconf 89' lang='lat' dir='ltr'><strong>ab</strong></span> <span class='ocrx_word' id='word_1_32' title='bbox 1143 1003 1212 1070; x_wconf 85' lang='lat' dir='ltr'><strong>aliis</strong></span> <span class='ocrx_word' id='word_1_33' title='bbox 1230 1003 1333 1070; x_wconf 81' lang='lat' dir='ltr'><strong>omini·</strong></span> 
     </span>
     <span class='ocr_line' id='line_1_6' title="bbox 360 1123 1335 1214; baseline -0.005 -21"><span class='ocrx_word' id='word_1_34' title='bbox 360 1127 418 1193; x_wconf 88' lang='lat' dir='ltr'><strong>hus</strong></span> <span class='ocrx_word' id='word_1_35' title='bbox 445 1125 540 1193; x_wconf 89' lang='lat' dir='ltr'><strong>honos</strong></span> <span class='ocrx_word' id='word_1_36' title='bbox 560 1137 591 1192; x_wconf 87' lang='lat' dir='ltr'><strong>et</strong></span> <span class='ocrx_word' id='word_1_37' title='bbox 610 1124 705 1214; x_wconf 76' lang='lat' dir='ltr'><strong>gloria</strong></span> <span class='ocrx_word' id='word_1_38' title='bbox 724 1123 854 1205; x_wconf 85' lang='lat' dir='ltr'><strong>cedant3</strong></span> <span class='ocrx_word' id='word_1_39' title='bbox 877 1123 1044 1192; x_wconf 83' lang='lat' dir='ltr'><strong>Hominem</strong></span> <span class='ocrx_word' id='word_1_40' title='bbox 1064 1125 1248 1192; x_wconf 84' lang='lat' dir='ltr'><strong>coelestibus</strong></span> <span class='ocrx_word' id='word_1_41' title='bbox 1265 1143 1335 1188; x_wconf 89' lang='lat' dir='ltr'><strong>ma·</strong></span> 
     </span>
     <span class='ocr_line' id='line_1_7' title="bbox 362 1229 1337 1328; baseline -0.006 -13"><span class='ocrx_word' id='word_1_42' title='bbox 362 1248 444 1321; x_wconf 83' lang='lat' dir='ltr'><strong>rime</strong></span> <span class='ocrx_word' id='word_1_43' title='bbox 462 1248 616 1314; x_wconf 86' lang='lat' dir='ltr'><strong>intentum</strong></span> <span class='ocrx_word' id='word_1_44' title='bbox 635 1268 697 1312; x_wconf 85' lang='lat' dir='ltr'><strong>esse</strong></span> <span class='ocrx_word' id='word_1_45' title='bbox 717 1245 844 1328; x_wconf 80' lang='lat' dir='ltr'><strong>deaem3</strong></span> <span class='ocrx_word' id='word_1_46' title='bbox 865 1245 941 1312; x_wconf 85' lang='lat' dir='ltr'><strong>item</strong></span> <span class='ocrx_word' id='word_1_47' title='bbox 961 1229 1093 1314; x_wconf 75' lang='lat' dir='ltr'><strong>castitati</strong></span> <span class='ocrx_word' id='word_1_48' title='bbox 1113 1243 1337 1326; x_wconf 84' lang='lat' dir='ltr'><strong>studere,forti</strong></span> 
     </span>
     <span class='ocr_line' id='line_1_8' title="bbox 328 1364 1337 1456; baseline -0.007 -20"><span class='ocrx_word' id='word_1_49' title='bbox 328 1395 336 1408; x_wconf 92' lang='lat'><strong>·</strong></span> <span class='ocrx_word' id='word_1_50' title='bbox 363 1369 467 1436; x_wconf 83' lang='lat' dir='ltr'><strong>aninro</strong></span> <span class='ocrx_word' id='word_1_51' title='bbox 495 1369 619 1454; x_wconf 80' lang='lat' dir='ltr'><strong>quaevis</strong></span> <span class='ocrx_word' id='word_1_52' title='bbox 646 1368 726 1433; x_wconf 90' lang='lat' dir='ltr'><strong>mala</strong></span> <span class='ocrx_word' id='word_1_53' title='bbox 755 1368 914 1456; x_wconf 85' lang='lat' dir='ltr'><strong>perferre3</strong></span> <span class='ocrx_word' id='word_1_54' title='bbox 940 1367 1013 1434; x_wconf 84' lang='lat' dir='ltr'><strong>alios</strong></span> <span class='ocrx_word' id='word_1_55' title='bbox 1040 1387 1167 1448; x_wconf 87' lang='lat' dir='ltr'><strong>omnes,</strong></span> <span class='ocrx_word' id='word_1_56' title='bbox 1196 1364 1337 1430; x_wconf 86' lang='lat' dir='ltr'><strong>inimieos</strong></span> 
     </span>
     <span class='ocr_line' id='line_1_9' title="bbox 362 1485 1335 1578; baseline -0.004 -22"><span class='ocrx_word' id='word_1_57' title='bbox 362 1490 474 1569; x_wconf 82' lang='lat' dir='ltr'><strong>etiam,</strong></span> <span class='ocrx_word' id='word_1_58' title='bbox 492 1510 596 1555; x_wconf 90' lang='lat' dir='ltr'><strong>amore</strong></span> <span class='ocrx_word' id='word_1_59' title='bbox 610 1488 754 1578; x_wconf 87' lang='lat' dir='ltr'><strong>prosequi</strong></span> <span class='ocrx_word' id='word_1_60' title='bbox 774 1509 871 1578; x_wconf 88' lang='lat' dir='ltr'><strong>puro,</strong></span> <span class='ocrx_word' id='word_1_61' title='bbox 890 1488 957 1554; x_wconf 89' lang='lat' dir='ltr'><strong>aliis</strong></span> <span class='ocrx_word' id='word_1_62' title='bbox 971 1488 1073 1554; x_wconf 82' lang='lat' dir='ltr'><strong>farere</strong></span> <span class='ocrx_word' id='word_1_63' title='bbox 1082 1537 1091 1568; x_wconf 94' lang='lat'><strong><em>,</em></strong></span> <span class='ocrx_word' id='word_1_64' title='bbox 1112 1487 1245 1567; x_wconf 80' lang='lat' dir='ltr'><strong>servire,</strong></span> <span class='ocrx_word' id='word_1_65' title='bbox 1261 1485 1335 1552; x_wconf 88' lang='lat' dir='ltr'><strong>iras·</strong></span> 
     </span>
     <span class='ocr_line' id='line_1_10' title="bbox 361 1605 1335 1702; baseline -0.004 -26"><span class='ocrx_word' id='word_1_66' title='bbox 361 1611 392 1678; x_wconf 88' lang='lat' dir='ltr'><strong>oi</strong></span> <span class='ocrx_word' id='word_1_67' title='bbox 411 1609 550 1691; x_wconf 89' lang='lat' dir='ltr'><strong>nemini,</strong></span> <span class='ocrx_word' id='word_1_68' title='bbox 570 1609 700 1676; x_wconf 81' lang='lat' dir='ltr'><strong>aliorum</strong></span> <span class='ocrx_word' id='word_1_69' title='bbox 717 1609 877 1702; x_wconf 80' lang='lat' dir='ltr'><strong>misereri,</strong></span> <span class='ocrx_word' id='word_1_70' title='bbox 901 1631 1013 1698; x_wconf 86' lang='lat' dir='ltr'><strong>eosque</strong></span> <span class='ocrx_word' id='word_1_71' title='bbox 1032 1608 1181 1698; x_wconf 85' lang='lat' dir='ltr'><strong>patientia</strong></span> <span class='ocrx_word' id='word_1_72' title='bbox 1200 1619 1232 1674; x_wconf 90' lang='lat' dir='ltr'><strong>et</strong></span> <span class='ocrx_word' id='word_1_73' title='bbox 1252 1605 1335 1672; x_wconf 87' lang='lat' dir='ltr'><strong>ieni-</strong></span> 
     </span>
     <span class='ocr_line' id='line_1_11' title="bbox 363 1729 1334 1820; baseline -0.006 -22"><span class='ocrx_word' id='word_1_74' title='bbox 363 1743 426 1798; x_wconf 83' lang='lat' dir='ltr'><strong>tate</strong></span> <span class='ocrx_word' id='word_1_75' title='bbox 445 1753 462 1796; x_wconf 89' lang='lat' dir='ltr'><strong>a</strong></span> <span class='ocrx_word' id='word_1_76' title='bbox 481 1730 563 1796; x_wconf 91' lang='lat' dir='ltr'><strong>malo</strong></span> <span class='ocrx_word' id='word_1_77' title='bbox 580 1729 758 1811; x_wconf 87' lang='lat' dir='ltr'><strong>abducere;</strong></span> <span class='ocrx_word' id='word_1_78' title='bbox 780 1751 900 1819; x_wconf 86' lang='lat' dir='ltr'><strong>semper</strong></span> <span class='ocrx_word' id='word_1_79' title='bbox 918 1751 988 1795; x_wconf 83' lang='lat' dir='ltr'><strong>sera</strong></span> <span class='ocrx_word' id='word_1_80' title='bbox 1006 1729 1162 1820; x_wconf 83' lang='lat' dir='ltr'><strong>profiteri,</strong></span> <span class='ocrx_word' id='word_1_81' title='bbox 1189 1747 1249 1794; x_wconf 83' lang='lat' dir='ltr'><strong>neo</strong></span> <span class='ocrx_word' id='word_1_82' title='bbox 1268 1745 1334 1793; x_wconf 68' lang='lat' dir='ltr'><strong>om·</strong></span> 
     </span>
     <span class='ocr_line' id='line_1_12' title="bbox 361 1847 1335 1940; baseline -0.002 -25"><span class='ocrx_word' id='word_1_83' title='bbox 361 1850 437 1917; x_wconf 92' lang='lat' dir='ltr'><strong>nino</strong></span> <span class='ocrx_word' id='word_1_84' title='bbox 451 1852 580 1940; x_wconf 89' lang='lat' dir='ltr'><strong>jurare;</strong></span> <span class='ocrx_word' id='word_1_85' title='bbox 601 1849 740 1929; x_wconf 88' lang='lat' dir='ltr'><strong>tributa,</strong></span> <span class='ocrx_word' id='word_1_86' title='bbox 764 1849 890 1939; x_wconf 84' lang='lat' dir='ltr'><strong>publiea</strong></span> <span class='ocrx_word' id='word_1_87' title='bbox 904 1852 1007 1939; x_wconf 89' lang='lat' dir='ltr'><strong>jussa,</strong></span> <span class='ocrx_word' id='word_1_88' title='bbox 1041 1850 1199 1931; x_wconf 59' lang='lat' dir='ltr'><strong>conferam</strong></span> <span class='ocrx_word' id='word_1_89' title='bbox 1229 1847 1335 1938; x_wconf 82' lang='lat' dir='ltr'><strong>quasis</strong></span> 
     </span>
     <span class='ocr_line' id='line_1_13' title="bbox 362 1969 1194 2060; baseline 0.005 -26"><span class='ocrx_word' id='word_1_90' title='bbox 362 1970 481 2036; x_wconf 89' lang='lat' dir='ltr'><strong>ratione</strong></span> <span class='ocrx_word' id='word_1_91' title='bbox 500 1969 631 2060; x_wconf 85' lang='lat' dir='ltr'><strong>Imperii</strong></span> <span class='ocrx_word' id='word_1_92' title='bbox 649 1969 778 2036; x_wconf 84' lang='lat' dir='ltr'><strong>salutem</strong></span> <span class='ocrx_word' id='word_1_93' title='bbox 795 1991 996 2060; x_wconf 79' lang='lat' dir='ltr'><strong>promovere,</strong></span> <span class='ocrx_word' id='word_1_94' title='bbox 1020 1981 1052 2036; x_wconf 86' lang='lat' dir='ltr'><strong>et</strong></span> <span class='ocrx_word' id='word_1_95' title='bbox 1070 1969 1194 2038; x_wconf 85' lang='lat' dir='ltr'><strong>similia.</strong></span> 
     </span>
    </p>

    <p class='ocr_par' dir='ltr' id='par_1_3' title="bbox 361 2087 1337 3019">
     <span class='ocr_line' id='line_1_14' title="bbox 409 2087 1335 2179; baseline -0.002 -21"><span class='ocrx_word' id='word_1_96' title='bbox 409 2090 457 2158; x_wconf 89' lang='lat' dir='ltr'><strong>Ne</strong></span> <span class='ocrx_word' id='word_1_97' title='bbox 479 2087 607 2156; x_wconf 79' lang='lat' dir='ltr'><strong>Ethuioi</strong></span> <span class='ocrx_word' id='word_1_98' title='bbox 634 2090 825 2179; x_wconf 85' lang='lat' dir='ltr'><strong>objicerent,</strong></span> <span class='ocrx_word' id='word_1_99' title='bbox 857 2088 1047 2156; x_wconf 80' lang='lat' dir='ltr'><strong>Christianos</strong></span> <span class='ocrx_word' id='word_1_100' title='bbox 1067 2090 1104 2156; x_wconf 92' lang='lat' dir='ltr'><strong>iis</strong></span> <span class='ocrx_word' id='word_1_101' title='bbox 1122 2111 1185 2155; x_wconf 93' lang='lat' dir='ltr'><strong>non</strong></span> <span class='ocrx_word' id='word_1_102' title='bbox 1208 2087 1335 2178; x_wconf 75' lang='lat' dir='ltr'><strong>obsequi</strong></span> 
     </span>
     <span class='ocr_line' id='line_1_15' title="bbox 364 2207 1336 2299; baseline -0.002 -23"><span class='ocrx_word' id='word_1_103' title='bbox 364 2209 481 2291; x_wconf 79' lang='lat' dir='ltr'><strong>solere,</strong></span> <span class='ocrx_word' id='word_1_104' title='bbox 505 2231 567 2276; x_wconf 91' lang='lat' dir='ltr'><strong>non</strong></span> <span class='ocrx_word' id='word_1_105' title='bbox 588 2222 707 2276; x_wconf 85' lang='lat' dir='ltr'><strong>tanturn</strong></span> <span class='ocrx_word' id='word_1_106' title='bbox 728 2209 868 2276; x_wconf 86' lang='lat' dir='ltr'><strong>Justinus</strong></span> <span class='ocrx_word' id='word_1_107' title='bbox 887 2209 920 2274; x_wconf 89' lang='lat' dir='ltr'><strong>id</strong></span> <span class='ocrx_word' id='word_1_108' title='bbox 940 2223 1027 2299; x_wconf 80' lang='lat' dir='ltr'><strong>urget</strong></span> <span class='ocrx_word' id='word_1_109' title='bbox 1052 2223 1083 2275; x_wconf 87' lang='lat' dir='ltr'><strong>et</strong></span> <span class='ocrx_word' id='word_1_110' title='bbox 1101 2209 1259 2289; x_wconf 78' lang='lat' dir='ltr'><strong>inculcat,</strong></span> <span class='ocrx_word' id='word_1_111' title='bbox 1281 2207 1336 2276; x_wconf 81' lang='lat' dir='ltr'><strong>Je-</strong></span> 
     </span>
     <span class='ocr_line' id='line_1_16' title="bbox 364 2329 1335 2420; baseline -0.002 -24"><span class='ocrx_word' id='word_1_112' title='bbox 364 2351 432 2396; x_wconf 90' lang='lat' dir='ltr'><strong>sum</strong></span> <span class='ocrx_word' id='word_1_113' title='bbox 459 2331 617 2395; x_wconf 86' lang='lat' dir='ltr'><strong>neminem</strong></span> <span class='ocrx_word' id='word_1_114' title='bbox 636 2353 693 2420; x_wconf 89' lang='lat' dir='ltr'><strong>pro</strong></span> <span class='ocrx_word' id='word_1_115' title='bbox 707 2343 768 2396; x_wconf 84' lang='lat' dir='ltr'><strong>&#39;sno</strong></span> <span class='ocrx_word' id='word_1_116' title='bbox 796 2341 946 2396; x_wconf 84' lang='lat' dir='ltr'><strong>sectatore</strong></span> <span class='ocrx_word' id='word_1_117' title='bbox 972 2330 1170 2420; x_wconf 75' lang='lat' dir='ltr'><strong>agniturum,</strong></span> <span class='ocrx_word' id='word_1_118' title='bbox 1203 2329 1264 2396; x_wconf 81' lang='lat' dir='ltr'><strong>uini</strong></span> <span class='ocrx_word' id='word_1_119' title='bbox 1283 2329 1335 2419; x_wconf 88' lang='lat' dir='ltr'><strong>qui</strong></span> 
     </span>
     <span class='ocr_line' id='line_1_17' title="bbox 362 2449 1332 2540; baseline 0.002 -25"><span class='ocrx_word' id='word_1_120' title='bbox 362 2462 466 2516; x_wconf 84' lang='lat' dir='ltr'><strong>exacte</strong></span> <span class='ocrx_word' id='word_1_121' title='bbox 495 2449 534 2514; x_wconf 90' lang='lat' dir='ltr'><strong>ad</strong></span> <span class='ocrx_word' id='word_1_122' title='bbox 564 2449 641 2516; x_wconf 88' lang='lat' dir='ltr'><strong>haeo</strong></span> <span class='ocrx_word' id='word_1_123' title='bbox 670 2463 835 2540; x_wconf 83' lang='lat' dir='ltr'><strong>praecepta</strong></span> <span class='ocrx_word' id='word_1_124' title='bbox 865 2451 945 2516; x_wconf 84' lang='lat' dir='ltr'><strong>ritae</strong></span> <span class='ocrx_word' id='word_1_125' title='bbox 971 2450 1121 2516; x_wconf 81' lang='lat' dir='ltr'><strong>rationem</strong></span> <span class='ocrx_word' id='word_1_126' title='bbox 1142 2449 1332 2532; x_wconf 87' lang='lat' dir='ltr'><strong>instituerit;</strong></span> 
     </span>
     <span class='ocr_line' id='line_1_18' title="bbox 362 2569 1337 2662; baseline 0 -28"><span class='ocrx_word' id='word_1_127' title='bbox 362 2593 470 2636; x_wconf 85' lang='lat' dir='ltr'><strong>rerum</strong></span> <span class='ocrx_word' id='word_1_128' title='bbox 490 2571 602 2650; x_wconf 85' lang='lat' dir='ltr'><strong>etiam,</strong></span> <span class='ocrx_word' id='word_1_129' title='bbox 620 2583 655 2635; x_wconf 89' lang='lat' dir='ltr'><strong>nt</strong></span> <span class='ocrx_word' id='word_1_130' title='bbox 674 2569 772 2636; x_wconf 88' lang='lat' dir='ltr'><strong>omnis</strong></span> <span class='ocrx_word' id='word_1_131' title='bbox 783 2569 951 2660; x_wconf 87' lang='lat' dir='ltr'><strong>objiciendi</strong></span> <span class='ocrx_word' id='word_1_132' title='bbox 961 2571 1051 2662; x_wconf 68' lang='lat' dir='ltr'><strong>{loona</strong></span> <span class='ocrx_word' id='word_1_133' title='bbox 1069 2569 1207 2650; x_wconf 72' lang='lat' dir='ltr'><strong>dehsset,</strong></span> <span class='ocrx_word' id='word_1_134' title='bbox 1229 2570 1270 2636; x_wconf 90' lang='lat' dir='ltr'><strong>ah</strong></span> <span class='ocrx_word' id='word_1_135' title='bbox 1290 2569 1337 2660; x_wconf 85' lang='lat' dir='ltr'><strong>ip·</strong></span> 
     </span>
     <span class='ocr_line' id='line_1_19' title="bbox 363 2687 1336 2781; baseline -0.001 -24"><span class='ocrx_word' id='word_1_136' title='bbox 363 2691 402 2757; x_wconf 86' lang='lat' dir='ltr'><strong>sis</strong></span> <span class='ocrx_word' id='word_1_137' title='bbox 431 2689 597 2758; x_wconf 88' lang='lat' dir='ltr'><strong>Jndicibus</strong></span> <span class='ocrx_word' id='word_1_138' title='bbox 626 2689 765 2780; x_wconf 81' lang='lat' dir='ltr'><strong>flagitat,</strong></span> <span class='ocrx_word' id='word_1_139' title='bbox 788 2705 844 2771; x_wconf 89' lang='lat' dir='ltr'><strong>ut,</strong></span> <span class='ocrx_word' id='word_1_140' title='bbox 868 2691 893 2756; x_wconf 92' lang='lat' dir='ltr'><strong>si</strong></span> <span class='ocrx_word' id='word_1_141' title='bbox 912 2713 946 2756; x_wconf 88' lang='lat' dir='ltr'><strong>er</strong></span> <span class='ocrx_word' id='word_1_142' title='bbox 964 2690 1145 2757; x_wconf 81' lang='lat' dir='ltr'><strong>Christianis</strong></span> <span class='ocrx_word' id='word_1_143' title='bbox 1164 2687 1336 2781; x_wconf 85' lang='lat' dir='ltr'><strong>deprehen-</strong></span> 
     </span>
     <span class='ocr_line' id='line_1_20' title="bbox 362 2809 1335 2901; baseline 0.003 -26"><span class='ocrx_word' id='word_1_144' title='bbox 362 2810 457 2890; x_wconf 87' lang='lat' dir='ltr'><strong>dant,</strong></span> <span class='ocrx_word' id='word_1_145' title='bbox 477 2812 633 2901; x_wconf 84' lang='lat' dir='ltr'><strong>quiprave</strong></span> <span class='ocrx_word' id='word_1_146' title='bbox 654 2825 762 2900; x_wconf 75' lang='lat' dir='ltr'><strong>agant,</strong></span> <span class='ocrx_word' id='word_1_147' title='bbox 786 2811 818 2876; x_wconf 92' lang='lat' dir='ltr'><strong>in</strong></span> <span class='ocrx_word' id='word_1_148' title='bbox 833 2833 883 2878; x_wconf 84' lang='lat' dir='ltr'><strong>eos</strong></span> <span class='ocrx_word' id='word_1_149' title='bbox 904 2811 1051 2878; x_wconf 82' lang='lat' dir='ltr'><strong>acerrime</strong></span> <span class='ocrx_word' id='word_1_150' title='bbox 1070 2809 1335 2891; x_wconf 75' lang='lat' dir='ltr'><strong>animadvertant,</strong></span> 
     </span>
     <span class='ocr_line' id='line_1_21' title="bbox 361 2931 713 3019; baseline 0.006 -24"><span class='ocrx_word' id='word_1_151' title='bbox 361 2951 475 3018; x_wconf 88' lang='lat' dir='ltr'><strong>eosque</strong></span> <span class='ocrx_word' id='word_1_152' title='bbox 494 2932 642 3019; x_wconf 80' lang='lat' dir='ltr'><strong>castigent</strong></span> <span class='ocrx_word' id='word_1_153' title='bbox 653 2931 713 3018; x_wconf 81' lang='lat'><strong>(2).</strong></span> 
     </span>
    </p>

    <p class='ocr_par' dir='ltr' id='par_1_4' title="bbox 363 3048 1339 3512">
     <span class='ocr_line' id='line_1_22' title="bbox 409 3048 1335 3141; baseline 0.001 -26"><span class='ocrx_word' id='word_1_154' title='bbox 409 3048 555 3140; x_wconf 79' lang='lat' dir='ltr'><strong>Exempla</strong></span> <span class='ocrx_word' id='word_1_155' title='bbox 586 3049 720 3140; x_wconf 89' lang='lat' dir='ltr'><strong>plurima</strong></span> <span class='ocrx_word' id='word_1_156' title='bbox 740 3050 848 3132; x_wconf 68' lang='lat' dir='ltr'><strong>affert,</strong></span> <span class='ocrx_word' id='word_1_157' title='bbox 873 3049 954 3116; x_wconf 86' lang='lat' dir='ltr'><strong>unde</strong></span> <span class='ocrx_word' id='word_1_158' title='bbox 973 3052 1006 3118; x_wconf 88' lang='lat' dir='ltr'><strong>in</strong></span> <span class='ocrx_word' id='word_1_159' title='bbox 1023 3051 1130 3141; x_wconf 84' lang='lat' dir='ltr'><strong>aprino</strong></span> <span class='ocrx_word' id='word_1_160' title='bbox 1149 3051 1335 3131; x_wconf 87' lang='lat' dir='ltr'><strong>eollooatnr,</strong></span> 
     </span>
     <span class='ocr_line' id='line_1_23' title="bbox 363 3166 1336 3263; baseline 0.003 -26"><span class='ocrx_word' id='word_1_161' title='bbox 363 3166 554 3238; x_wconf 72' lang='lat' dir='ltr'><strong>Christianos</strong></span> <span class='ocrx_word' id='word_1_162' title='bbox 582 3169 623 3236; x_wconf 87' lang='lat' dir='ltr'><strong>ad</strong></span> <span class='ocrx_word' id='word_1_163' title='bbox 650 3170 727 3237; x_wconf 85' lang='lat' dir='ltr'><strong>haee</strong></span> <span class='ocrx_word' id='word_1_164' title='bbox 757 3193 880 3238; x_wconf 90' lang='lat' dir='ltr'><strong>morum</strong></span> <span class='ocrx_word' id='word_1_165' title='bbox 904 3185 1068 3261; x_wconf 77' lang='lat' dir='ltr'><strong>praecepta</strong></span> <span class='ocrx_word' id='word_1_166' title='bbox 1095 3173 1192 3240; x_wconf 80' lang='lat' dir='ltr'><strong>vitam</strong></span> <span class='ocrx_word' id='word_1_167' title='bbox 1212 3193 1336 3263; x_wconf 88' lang='lat' dir='ltr'><strong>eompo·</strong></span> 
     </span>
     <span class='ocr_line' id='line_1_24' title="bbox 363 3289 1339 3383; baseline 0.004 -29"><span class='ocrx_word' id='word_1_168' title='bbox 363 3311 438 3355; x_wconf 86' lang='lat' dir='ltr'><strong>nere</strong></span> <span class='ocrx_word' id='word_1_169' title='bbox 458 3289 527 3377; x_wconf 83' lang='lat'><strong>(3);</strong></span> <span class='ocrx_word' id='word_1_170' title='bbox 564 3290 603 3356; x_wconf 88' lang='lat' dir='ltr'><strong>de</strong></span> <span class='ocrx_word' id='word_1_171' title='bbox 630 3292 742 3382; x_wconf 90' lang='lat' dir='ltr'><strong>quibus</strong></span> <span class='ocrx_word' id='word_1_172' title='bbox 761 3304 866 3358; x_wconf 87' lang='lat' dir='ltr'><strong>autem</strong></span> <span class='ocrx_word' id='word_1_173' title='bbox 888 3291 1000 3358; x_wconf 88' lang='lat' dir='ltr'><strong>deinde</strong></span> <span class='ocrx_word' id='word_1_174' title='bbox 1018 3293 1118 3383; x_wconf 88' lang='lat' dir='ltr'><strong>aptior</strong></span> <span class='ocrx_word' id='word_1_175' title='bbox 1137 3293 1197 3360; x_wconf 86' lang='lat' dir='ltr'><strong>erit</strong></span> <span class='ocrx_word' id='word_1_176' title='bbox 1215 3291 1339 3360; x_wconf 79' lang='lat' dir='ltr'><strong>ridendi</strong></span> 
     </span>
     <span class='ocr_line' id='line_1_25' title="bbox 365 3406 940 3512; baseline 0 -37"><span class='ocrx_word' id='word_1_177' title='bbox 365 3406 477 3480; x_wconf 77' lang='lat' dir='ltr'><strong>loeus„</strong></span> <span class='ocrx_word' id='word_1_178' title='bbox 928 3487 940 3512; x_wconf 85' lang='lat'><strong>.‚</strong></span> 
     </span>
    </p>

    <p class='ocr_par' dir='ltr' id='par_1_5' title="bbox 366 3529 1340 3745">
     <span class='ocr_line' id='line_1_26' title="bbox 412 3529 1340 3624; baseline 0.001 -27"><span class='ocrx_word' id='word_1_179' title='bbox 412 3529 480 3598; x_wconf 82' lang='lat' dir='ltr'><strong>Etsi</strong></span> <span class='ocrx_word' id='word_1_180' title='bbox 506 3529 646 3598; x_wconf 85' lang='lat' dir='ltr'><strong>Juatinus</strong></span> <span class='ocrx_word' id='word_1_181' title='bbox 673 3533 747 3614; x_wconf 87' lang='lat' dir='ltr'><strong>hio,</strong></span> <span class='ocrx_word' id='word_1_182' title='bbox 787 3555 844 3624; x_wconf 89' lang='lat' dir='ltr'><strong>pro</strong></span> <span class='ocrx_word' id='word_1_183' title='bbox 875 3535 1023 3602; x_wconf 78' lang='lat' dir='ltr'><strong>severiore</strong></span> <span class='ocrx_word' id='word_1_184' title='bbox 1051 3535 1098 3602; x_wconf 89' lang='lat' dir='ltr'><strong>sni</strong></span> <span class='ocrx_word' id='word_1_185' title='bbox 1125 3535 1193 3601; x_wconf 80' lang='lat' dir='ltr'><strong>aeri</strong></span> <span class='ocrx_word' id='word_1_186' title='bbox 1219 3553 1340 3600; x_wconf 89' lang='lat' dir='ltr'><strong>morum</strong></span> 
     </span>
     <span class='ocr_line' id='line_1_27' title="bbox 366 3647 1337 3745; baseline 0.004 -29"><span class='ocrx_word' id='word_1_187' title='bbox 366 3647 506 3718; x_wconf 82' lang='lat' dir='ltr'><strong>doctrina</strong></span> <span class='ocrx_word' id='word_1_188' title='bbox 518 3699 528 3735; x_wconf 91' lang='lat'>,</span> <span class='ocrx_word' id='word_1_189' title='bbox 553 3667 738 3745; x_wconf 84' lang='lat' dir='ltr'><strong>praecepta,</strong></span> <span class='ocrx_word' id='word_1_190' title='bbox 761 3677 790 3723; x_wconf 82' lang='lat' dir='ltr'><strong>r.</strong></span> <span class='ocrx_word' id='word_1_191' title='bbox 812 3677 840 3726; x_wconf 87' lang='lat' dir='ltr'><strong>e.</strong></span> <span class='ocrx_word' id='word_1_192' title='bbox 871 3653 910 3722; x_wconf 87' lang='lat' dir='ltr'><strong>de</strong></span> <span class='ocrx_word' id='word_1_193' title='bbox 928 3654 1098 3736; x_wconf 83' lang='lat' dir='ltr'><strong>eunuchis,</strong></span> <span class='ocrx_word' id='word_1_194' title='bbox 1119 3651 1337 3745; x_wconf 82' lang='lat' dir='ltr'><strong>jurejurando,</strong></span> 
     </span>
    </p>
   </div>
   <div class='ocr_carea' id='block_1_3' title="bbox 389 3869 722 3885">
    <p class='ocr_par' dir='ltr' id='par_1_6' title="bbox 389 3869 722 3885">
     <span class='ocr_line' id='line_1_28' title="bbox 389 3869 722 3885; baseline 0 -3"><span class='ocrx_word' id='word_1_195' title='bbox 389 3869 722 3885; x_wconf 52' lang='grc' dir='ltr'><em>Ἣ</em></span> 
     </span>
    </p>
   </div>
   <div class='ocr_carea' id='block_1_4' title="bbox 395 3985 1015 4222">
    <p class='ocr_par' dir='ltr' id='par_1_7' title="bbox 395 3985 1015 4222">
     <span class='ocr_line' id='line_1_29' title="bbox 395 3985 789 4052; baseline 0 -17"><span class='ocrx_word' id='word_1_196' title='bbox 395 3985 435 4052; x_wconf 85' lang='grc' dir='ltr'><strong>(Ι)</strong></span> <span class='ocrx_word' id='word_1_197' title='bbox 454 3987 530 4050; x_wconf 78' lang='lat' dir='ltr'><strong>Apol.</strong></span> <span class='ocrx_word' id='word_1_198' title='bbox 551 3988 573 4036; x_wconf 87' lang='lat'><strong>1.</strong></span> <span class='ocrx_word' id='word_1_199' title='bbox 594 3986 625 4035; x_wconf 76' lang='lat'><strong>14</strong></span> <span class='ocrx_word' id='word_1_200' title='bbox 642 4003 699 4050; x_wconf 77' lang='lat' dir='ltr'><strong>sqq.</strong></span> <span class='ocrx_word' id='word_1_201' title='bbox 720 3986 789 4036; x_wconf 84' lang='lat' dir='ltr'><strong>aiibi.</strong></span> 
     </span>
     <span class='ocr_line' id='line_1_30' title="bbox 396 4067 636 4136; baseline 0.017 -19"><span class='ocrx_word' id='word_1_202' title='bbox 396 4067 437 4136; x_wconf 81' lang='lat'><strong>(2)</strong></span> <span class='ocrx_word' id='word_1_203' title='bbox 456 4069 532 4135; x_wconf 77' lang='lat' dir='ltr'><strong>Apol.</strong></span> <span class='ocrx_word' id='word_1_204' title='bbox 552 4071 573 4120; x_wconf 84' lang='lat' dir='ltr'><strong>i.</strong></span> <span class='ocrx_word' id='word_1_205' title='bbox 595 4072 636 4121; x_wconf 83' lang='lat'><strong>16.</strong></span> 
     </span>
     <span class='ocr_line' id='line_1_31' title="bbox 397 4152 1015 4222; baseline -0.003 -18"><span class='ocrx_word' id='word_1_206' title='bbox 397 4155 436 4222; x_wconf 81' lang='lat'><strong>(3)</strong></span> <span class='ocrx_word' id='word_1_207' title='bbox 455 4156 531 4220; x_wconf 76' lang='lat' dir='ltr'><strong>Apoi.</strong></span> <span class='ocrx_word' id='word_1_208' title='bbox 551 4155 573 4206; x_wconf 89' lang='lat'><strong>1.</strong></span> <span class='ocrx_word' id='word_1_209' title='bbox 596 4155 643 4214; x_wconf 87' lang='lat'><strong>10,</strong></span> <span class='ocrx_word' id='word_1_210' title='bbox 666 4154 714 4214; x_wconf 76' lang='lat'><strong>14,</strong></span> <span class='ocrx_word' id='word_1_211' title='bbox 734 4153 784 4214; x_wconf 83' lang='lat'><strong>27,</strong></span> <span class='ocrx_word' id='word_1_212' title='bbox 804 4153 854 4215; x_wconf 82' lang='lat'><strong>29,</strong></span> <span class='ocrx_word' id='word_1_213' title='bbox 875 4155 925 4214; x_wconf 85' lang='grc'><strong>39,</strong></span> <span class='ocrx_word' id='word_1_214' title='bbox 947 4152 1015 4202; x_wconf 87' lang='lat' dir='ltr'><strong>aiibi.</strong></span> 
     </span>
    </p>
   </div>
   <div class='ocr_carea' id='block_1_5' title="bbox 1467 3337 1469 3470">
    <p class='ocr_par' dir='ltr' id='par_1_8' title="bbox 1467 3321 1469 3470">
     <span class='ocr_line' id='line_1_32' title="bbox 1467 3337 1469 3470; baseline 0 -144"><span class='ocrx_word' id='word_1_215' title='bbox 1467 3337 1469 3470; x_wconf 20' lang='grc' dir='ltr'><em>χ</em></span> 
     </span>
    </p>
   </div>
   <div class='ocr_carea' id='block_1_6' title="bbox 0 0 1496 5106">
    <p class='ocr_par' dir='ltr' id='par_1_9' title="bbox 0 0 1496 5106">
     <span class='ocr_line' id='line_1_33' title="bbox 0 0 1496 5106; baseline 0 0"><span class='ocrx_word' id='word_1_216' title='bbox 0 0 1496 5106; x_wconf 95' lang='lat' dir='ltr'><strong> </strong></span> 
     </span>
    </p>
   </div>
  </div>
 </body>
</html>
