2978 5106
617 413 657 476 53

18 584 29 646 i
142 641 206 706 quo
231 617 262 681 in
291 617 479 683 Graecorum
505 619 611 701 potetas
642 623 673 676 et
701 589 900 699 philosophos
929 610 1116 696 duceretur,

20 745 21 776 ³
143 728 276 804 effecisse
294 733 438 802 ridentur
448 783 458 814 ,
477 744 512 798 ut
529 731 590 800 hoc
610 730 817 820 inspirationis
838 729 1038 802 fundamento
1056 737 1117 802 alia

15 851 27 890 i
144 867 386 947 superstrueret,
415 853 527 943 quibus
553 850 647 918 Mosis
671 863 702 917 et
729 848 953 940 Prophetarum
978 852 1115 922 divinam

15 971 24 1012 l
141 971 358 1044 anctoritatem
383 975 589 1051 confirmare,
622 979 783 1061 po'e'tarum
811 984 917 1038 contra
946 985 985 1039 et
1003 973 1113 1043 Philo·-

15 1093 17 1102 '
141 1097 309 1189 sophorum
338 1096 449 1164 eximie
475 1093 662 1160 labefactare
690 1091 751 1156 sibi
777 1089 945 1161 rideretur.
1012 1096 1115 1182 Quum

15 1223 20 1236 ”
141 1242 255 1310 nempe
282 1232 353 1285 ante
375 1214 594 1308 philosophos,
618 1235 654 1278 ex
674 1235 711 1278 eo
728 1209 813 1302 quod
831 1211 891 1278 sibi
909 1235 971 1280 non
989 1229 1114 1282 consta-

15 1349 17 1374 ³
140 1353 229 1421 rent,
248 1353 301 1419 et,
316 1361 379 1428 qno
399 1338 474 1404 alios
487 1335 663 1416 irretirent,
682 1332 847 1399 artificioso
866 1331 991 1400 dicendi
1002 1358 1115 1425 genere

15 1459 16 1470 ’
82 1523 85 1528 ,
140 1461 190 1527 usi
211 1473 309 1526 essent
320 1508 329 1539 ,
351 1459 531 1524 auctoritate
549 1455 670 1547 privare
687 1466 875 1537 tentarernt3
898 1454 941 1522 ita
951 1457 1018 1545 jam
1034 1478 1113 1524 con-

140 1579 264 1661 tendit,
284 1580 393 1648 Sacros
410 1577 583 1668 Scriptores
600 1597 662 1641 uno
681 1561 853 1664 eodemque
871 1574 992 1666 Spiritu
1010 1591 1114 1658 actos,

61 1747 66 1756 ·
141 1701 354 1767 diversissimis
379 1701 454 1766 licet
481 1695 675 1787 temporibus
702 1707 733 1762 et
758 1695 834 1762 locis
862 1719 957 1786 quam
984 1699 1116 1764 maxime

142 1821 277 1902 dissitis,
300 1843 398 1885 unum
415 1819 561 1908 idemqate
579 1835 706 1905 semper
724 1814 873 1880 domuisse
892 1816 963 1904 (1),
984 1827 1016 1882 et
1033 1823 1114 1884 sim-

138 1943 228 2030 plici
240 1963 316 2006 usos
324 1943 441 2030 finisse
459 1940 609 2004 orotione
619 1935 666 2023 (2)
676 1983 686 2014 ‚
704 1936 747 2000 ab
762 1939 851 2000 omni
859 1939 1035 2028 germinam
1052 1961 1116 2003 ar·-
1157 2012 1160 2016 ,

143 2065 306 2152 rogantia
331 2069 363 2126 et
390 2061 605 2125 catenatione
624 2063 748 2121 rorante
759 2079 772 2132 ,¹
795 2066 912 2144 operte
929 2067 960 2123 et
979 2059 1119 2125 condrada

142 2203 273 2269 semper
290 2183 476 2271 loquemur,
498 2189 536 2246 ut
549 2201 669 2245 eorum
680 2156 693 2260 ,
715 2179 775 2270 qui
790 2181 963 2245 mentalem
982 2179 1095 2246 deant
1105 2229 1116 2261 ,

138 2293 317 2393 proprium
336 2323 406 2366 esre
423 2303 515 2371 solet.

189 2423 245 2492 Uti
272 2420 467 2512 Philosophis
501 2435 533 2488 et
565 2421 667 2490 Poetis
693 2421 853 2490 Justinum
882 2421 1024 2510 iniquum
1056 2444 1119 2488 esse
1208 2448 1210 2452 ’

143 2565 236 2634 supra
250 2541 506 2631 significavimus,
523 2541 567 2608 ita
581 2541 635 2607 hic
645 2562 824 2608 consensum
839 2538 1003 2607 Sacrorum
1012 2538 1120 2631 Scrip-

143 2679 247 2733 torum
257 2662 349 2728 nimis
364 2675 467 2753 urget:
488 2683 582 2742 nam,
599 2662 720 2728 etiamsi
729 2662 827 2729 Moses
836 2673 867 2727 ct
877 2660 1049 2750 Prophetae
1058 2684 1120 2728 non

142 2782 326 2850 dissentiant
343 2803 401 2847 nec
419 2782 479 2848 sibi
497 2781 722 2871 obloquantur;
744 2795 848 2848 tamen
868 2782 1118 2862 consensusille,

104 2921 107 2928 ’
143 2904 268 2994 qualern
294 2901 434 2969 Justinm
461 2900 516 2967 blc
533 2901 706 2992 significare
724 2901 867 2984 ridetur,
892 2916 984 2969 utne
1006 2903 1039 2968 in
1058 2903 1120 2968 mi·

90 3063 95 3070 ·
141 3021 311 3090 notissimis
335 3019 463 3112 quidem
492 3043 565 3087 ase
584 3021 787 3104 dissentiant,
810 3045 873 3102 non
891 3035 1008 3103 eratat;
1034 3022 1120 3112 quod

141 3141 182 3208 ad
200 3115 357 3209 scribendi
379 3140 531 3207 rationem
552 3141 681 3222 attinet,
706 3155 790 3209 recte
809 3142 934 3208 omnino
953 3141 1118 3209 Saoromm

142 3261 337 3352 Scriptorum
369 3259 549 3350 simplicitas
574 3274 605 3327 et
624 3260 738 3327 candor
758 3285 775 3327 a
794 3262 918 3329 Justino
935 3261 1118 3348 laudantur,

141 3381 227 3448 nulla
245 3381 283 3447 iis
301 3381 379 3446 inest
398 3378 516 3446 frondis
533 3378 756 3448 seductionisre
775 3381 925 3472 suspici03
945 3373 1120 3473 quitamen

143 3501 292 3590 equidem
308 3500 470 3590 scriptores
486 3499 619 3567 Graecos
637 3523 761 3592 quoqne
780 3502 934 3569 absolutos
945 3504 1061 3585 uelim,
1085 3527 1121 3570 er

143 3644 276 3718 qnorum
294 3618 451 3688 scribendi
469 3621 588 3687 ratione
606 3620 650 3686 illi
670 3633 809 3705 tantum,
830 3622 1118 3714 quipraejudica'tis

144 3743 298 3812 ducuntur
336 3738 555 3829 opinionibus,
597 3739 790 3820 reductionis
816 3743 978 3810 consilium
1007 3743 1122 3812 elicere

173 4031 212 4098 (1)
232 4031 339 4083 Golsort.
357 4031 384 4080 8.
410 4031 485 4098 Apol.
505 4032 526 4082 1.
544 4032 588 4082 36.
617 4032 725 4098 Dioloq.
745 4049 804 4086 oum
825 4032 964 4097 Tryphone
978 4031 1005 4084 7.

174 4116 213 4185 (2)
231 4117 269 4168 Gl.
289 4119 317 4166 et
334 4112 410 4180 Apol.
430 4115 451 4168 1.
470 4115 505 4168 oo
522 4115 548 4166 in
565 4114 625 4168 fine.
