2978 5106
786 454 849 518 106

320 656 429 735 dutus,
458 653 533 720 alios
557 649 597 718 dc
614 673 685 717 uera
705 649 902 742 philosophia
921 649 951 722 ol
967 653 1115 744 religione
1134 653 1301 748 docuerat,

317 778 355 845 iis
379 759 441 868 suis¹
465 773 586 864 scriptis
605 772 754 864 explicuit
771 785 803 840 ct
820 771 1034 840 meditandum
1053 776 1190 866 reliquit.
1239 778 1302 864 Qui

319 895 519 966 dsntnsem
540 893 748 962 Christianam
767 892 915 960 tuendam
935 895 1148 987 susciperent,
1172 899 1205 964 iu
1222 899 1303 966 Jus-

319 1019 378 1086 tini
416 1015 578 1109 Apologiis
612 1015 693 1082 riam
732 1015 793 1082 sihi
820 1029 1019 1084 monstratam
1047 1016 1301 1108 conspiciebant,

176 1185 180 1190 -
252 1206 254 1210 ,
319 1141 380 1231 quir
397 1137 570 1206 insistentes
586 1133 856 1204 Christianismum
875 1138 1003 1219 melius,
1025 1139 1189 1220 subtilius,
1208 1163 1301 1208 accu-

318 1260 414 1327 ratius
433 1258 641 1350 explicarent,
662 1257 926 1326 confirmarentet
945 1271 1115 1330 tuerentur.
1163 1261 1301 1332 Probent

245 1363 248 1372 '
318 1379 379 1448 nos
407 1377 735 1470 scriptitantur,
768 1379 912 1460 aaran,
938 1379 1120 1446 renutans
1144 1381 1299 1464 maxime,

320 1477 531 1589 aliorumque,
560 1498 593 1566 in
621 1498 735 1588 quibus
760 1511 866 1589 aperta
886 1511 957 1566 sunt
972 1497 1088 1565 indicia
1108 1499 1164 1568 hos
1182 1501 1302 1568 Justini
1376 1509 1379 1514 ’

319 1617 589 1698 Christianismum
615 1617 802 1687 defendendi
829 1632 861 1688 et
888 1617 1126 1687 commendandi
1148 1621 1301 1690 rationem

319 1740 458 1808 imitatos
483 1761 558 1810 esse.
606 1741 724 1809 Nostris
752 1762 876 1832 quoquo
904 1739 1146 1808 diebus'Justini
1165 1741 1299 1832 scripta,

317 1883 375 1953 per
390 1884 425 1930 sc
441 1875 594 1953 spectata,
610 1885 672 1928 non
687 1875 813 1954 possunt
824 1884 884 1929 non
903 1861 1041 1952 quemvis
1052 1861 1204 1953 legentem
1223 1885 1300 1930 con-

316 1983 462 2064 uincere,
495 2005 558 2050 non
585 1993 664 2050 artes
691 2005 755 2050 esse
782 2005 840 2050 nec
867 1983 971 2051 literas
994 2005 1052 2051 nec
1068 1981 1322 2102 philosophiamx

317 2101 507 2184 humanam,
526 2101 579 2169 sed
595 2104 672 2171 Jesu
684 2100 798 2170 Christi
817 2102 1012 2182 doctrinam,
1037 2125 1168 2193 eamque
1182 2103 1296 2186 unice,

213 2303 216 2312 ι
319 2243 399 2312 quae
427 2223 527 2290 omnis
552 2211 640 2304 reri,
677 2223 777 2314 justi,
814 2223 937 2316 pulchri
966 2236 999 2292 et
1024 2223 1145 2292 honesti
1173 2245 1297 2290 sensnm

316 2342 436 2410 homini
455 2343 600 2426 instillet,
629 2366 761 2435 eumque
780 2343 839 2412 hoc
858 2345 983 2414 nomine
1013 2357 1154 2436 exparte
1171 2341 1210 2412 cd
1231 2344 1296 2410 Ilei

317 2463 552 2534 similitudinem
573 2465 730 2537 informet.

710 3241 900 3316 TANTUM.
