3010 5110
631 449 669 514 tr

162 655 264 720 locere
283 651 442 731 voluisset,
463 645 679 714 nobiscadere
698 645 830 715 videtur.
878 646 971 715 lluud
989 651 1080 739 pauci
1105 673 1140 718 er
1162 653 1164 658 ’

162 771 343 868 udr'ersoriis
368 769 509 837 fraudem
535 783 619 836 certe
645 791 706 848 non
736 767 1030 841 animadverterunt,
1086 774 1141 843 Est

161 915 288 984 qnoque
314 915 363 958 res
390 890 473 958 haud
500 891 578 958 adeo
598 891 716 971 facilis3
750 913 822 956 nam
841 890 991 973 Veteres,
1016 894 1138 985 Tragici

160 1013 337 1105 imprimis,
366 1033 598 1103 nonnumquam
626 1024 691 1078 tam
720 1012 876 1100 praeclare
904 1010 944 1078 de
968 1035 1030 1079 uno
1047 1014 1138 1096 Deo,

161 1155 264 1223 eoque
282 1155 359 1223 pura
373 1145 405 1198 et
422 1133 540 1200 sincera
559 1143 663 1198 mente
682 1119 829 1212 colendo,
845 1133 1083 1216 ratiocinantur,
1105 1147 1139 1202 ut

158 1255 221 1322 boo
248 1254 372 1320 nomine
402 1252 591 1321 Christianos
617 1253 682 1319 iere
700 1253 833 1336 dixeris3
860 1275 917 1321 nec
935 1255 1070 1321 alienum
1087 1279 1140 1324 me
1198 1235 1205 1248 ⁸

160 1376 309 1468 profiteor
345 1376 387 1441 ab
421 1375 566 1466 opinione
593 1397 723 1456 eorum,
755 1375 810 1464 qui
834 1388 945 1466 putant
972 1377 1137 1467 Tragicos,

160 1495 346 1587 Euripidem
366 1495 541 1586 imprimis,
560 1493 591 1560 id
607 1495 668 1562 suis
682 1494 847 1584 tragoediis
857 1496 999 1563 obtinere
1010 1499 1137 1565 voluisse

160 1617 345 1697 consilium,
380 1629 415 1682 ut
446 1615 578 1694 Graeci,
602 1614 802 1703 Polytbeismi
821 1616 989 1683 vanitatem
1012 1618 1136 1708 perspi-

160 1737 297 1817 cientes,
329 1735 519 1828 Socraticam
550 1735 589 1800 de
618 1737 684 1802 lleo
710 1735 883 1802 doctrinam
911 1740 1136 1828 amplecteren-

158 1871 221 1929 tur.
272 1858 384 1924 Po'e'tae
413 1871 444 1924 et
474 1856 652 1947 Philosophi
681 1869 764 1923 certe
781 1879 842 1923 non
861 1871 1002 1948 poterant
1021 1883 1084 1927 non
1103 1863 1136 1928 in

159 1977 286 2070 publicu
310 1977 459 2068 religione
485 1999 556 2044 reru
576 1999 593 2042 a
612 1977 695 2044 falsis
718 1999 898 2060 secernere3
928 1977 967 2046 de
987 1980 1136 2053 industria

158 2098 309 2178 obscure,
343 2109 494 2187 qnatenus
523 2097 647 2186 plebem
675 2120 737 2170 non
761 2097 971 2182 offenderent,
995 2101 1136 2168 Deorum

159 2217 261 2286 cultus
285 2217 451 2285 vanitatem
479 2215 646 2284 ostendisse
675 2230 707 2284 et
729 2218 839 2284 melius
860 2217 900 2284 de
918 2219 986 2286 lleo
1008 2221 1136 2312 ejusque

160 2337 283 2406 colendi
302 2338 422 2404 ratione
449 2336 588 2404 docuisse
613 2336 775 2419 ridentur,
800 2339 940 2428 quamvis
963 2363 1136 2430 numquam

158 2461 199 2541 ad
208 2459 268 2527 Ilei
286 2459 394 2541 unius,
415 2459 537 2550 qualem
548 2456 663 2526 Christi
681 2459 788 2549 religio
806 2457 932 2525 exhibet
942 2507 952 2540 ,
975 2461 1134 2528 notionem

157 2581 356 2674 pervenerint
379 2581 440 2668 (1).

155 2769 160 2776 ,
204 2703 283 2770 Utnt
300 2702 361 2784 sit,
383 2712 597 2791 argumentum
616 2699 676 2765 boo
700 2699 765 2766 istis
782 2699 974 2790 temporibus
996 2713 1028 2766 et
1048 2699 1133 2790 rpnd

158 2823 227 2890 illos
245 2821 384 2888 homines
399 2843 461 2887 non
471 2819 645 2910 potuitnon
655 2817 783 2910 alicujus
792 2832 876 2917 certe
884 2819 1035 2886 momenti
1045 2841 1130 2902 esse3

157 2954 191 3008 et
204 2942 231 3008 si
249 2965 310 3008 non
321 2941 411 3032 plane
430 2962 481 3007 eos
499 2939 684 3019 convicerit,
703 2951 787 3006 certe
801 2949 926 3006 morere
940 2945 1081 3030 poterat,
1104 2953 1136 3007 et

158 3063 214 3154 qui
230 3059 371 3127 fraudem
399 3083 462 3127 non
484 3059 788 3140 animadverterent,
812 3058 1002 3149 percellere,
1036 3083 1134 3149 quum

157 3183 224 3273 ipsa
241 3181 295 3248 ille
312 3179 567 3273 pbilosophorum
597 3193 628 3246 et
655 3189 817 3269 poetarum
846 3179 960 3270 scripta
984 3179 1133 3248 'firmissi-

155 3323 208 3368 ma
221 3301 437 3392 i’olytbeismi
458 3299 610 3392 praesidia
634 3300 853 3370 existimarent.

201 3423 306 3514 Atque
325 3423 374 3489 his
394 3422 582 3514 argumentis
598 3421 738 3490 Justinus
749 3423 818 3512 jam
841 3421 964 3512 egregie
981 3422 1133 3512 probare-

154 3555 225 3624 rat,
250 3541 439 3610 Christianos
464 3565 527 3609 non
555 3541 668 3633 impios
688 3563 751 3608 esse
763 3592 773 3624 ,
797 3540 852 3608 sed
870 3564 978 3609 rerum
997 3565 1132 3634 eumque

154 3663 404 3756 antiquissimum
423 3663 483 3730 Ilei
501 3663 619 3730 cultum
638 3661 777 3742 bebere,
801 3675 907 3730 contra
928 3663 1008 3754 ipsos
1026 3664 1131 3755 genti·

183 3997 224 4064 (1)
241 3999 280 4049 cl.
298 4013 436 4058 rrrnrnr,
457 3997 489 4045 de
504 3994 561 4046 Deo
574 3995 710 4056 Plutonia,
729 4009 786 4060 pag.
802 3993 846 4044 st.
883 4009 906 4042 r.
923 4010 1028 4055 necron,
1047 3995 1138 4047 'Initio
1167 3970 1170 4008 ζ

151 4083 342 4150 Ptrtoroptta·
352 4083 526 4141 Platonicos,
546 4081 603 4131 Vol.
615 4080 651 4132 ll.
670 4081 746 4130 Parte
754 4079 803 4128 lll.
814 4093 872 4144 prg.
887 4077 933 4127 112
944 4095 1001 4142 sqq.
1038 4095 1136 4132 nourr!

150 4168 177 4218 ln
193 4169 263 4220 orat.
284 4163 325 4218 nt
345 4168 461 4218 historio
475 4163 666 4230 Philosophiae
684 4163 717 4214 de
736 4161 810 4222 Deo,
830 4176 888 4227 pag.
907 4159 943 4212 ³8
961 4177 1001 4225 oq.
