3010 5110
736 428 1014 498 '·44.

482 641 548 695 tum
573 625 712 694 omnium
730 625 911 692 clarissimos
930 623 1128 692 Aristotelem
1147 637 1178 692 et
1196 626 1383 712 Plutonem,
1411 657 1418 696 t

479 749 574 840 nique
594 747 714 816 oreouie
733 747 823 838 petit.
870 744 1031 814 Interdum
1050 757 1154 814 temen
1174 745 1376 838 digreditur,
1404 753 1418 818 f

479 868 579 936 tinans
594 867 682 957 qussi
699 864 948 957 adprobandum
963 865 1067 934 divino
1082 867 1175 936 Mosis
1190 881 1221 936 et
1231 869 1418 962 Prophetae

478 989 590 1080 scriptu
608 987 700 1054 unice
718 1008 807 1054 neree
824 985 980 1078 religionis
998 985 1097 1056 fontes
1112 1009 1188 1057 esse.

522 1108 703 1178 Poetarum
720 1106 904 1174 doctnoam
916 1110 1040 1198 paucis
1051 1112 1262 1202 perstringit
1282 1110 1347 1200 (1).

523 1229 595 1294 Post
623 1225 755 1294 absurde
784 1226 920 1295 Deorum
949 1239 980 1294 et
1008 1227 1145 1296 Heroum
1174 1228 1255 1298 secta
1267 1279 1278 1312 ,
1313 1253 1400 1322 quse

476 1348 614 1416 Homero
623 1361 655 1414 et
664 1344 800 1417 Hesiodo
810 1359 980 1428 canuntur,
1000 1369 1073 1414 curn
1090 1370 1201 1439 magne
1220 1350 1368 1420 irrisione
1388 1377 1418 1444 p]

476 1469 593 1561 posite,
628 1465 876 1558 indignabundus
904 1466 991 1536 addit
1003 1519 1013 1552 ,
1047 1492 1078 1538 sc
1101 1469 1175 1536 telie
1198 1491 1256 1538 nec
1278 1473 1418 1563 legerer

476 1589 596 1656 discere
623 1588 722 1668 velie,
747 1610 840 1670 curn,
865 1589 1043 1680 quicunque
1069 1591 1143 1658 telis
1162 1592 1264 1681 leget,
1283 1615 1349 1660 non
1366 1617 1418 1684 pos

476 1731 539 1776 non
556 1709 588 1774 in
605 1706 673 1776 dies
685 1709 754 1774 fieri
771 1708 916 1780 deterior.
931 1712 938 1737 s
957 1711 1082 1796 Quanto
1101 1721 1263 1803 potiturum
1282 1711 1358 1780 odio
1379 1712 1418 1780 du

478 1843 549 1911 tus,
570 1828 630 1898 hoc
639 1827 856 1921 argumentum
866 1843 1032 1912 necteret,
1053 1831 1351 1925 indeetiempstct,
1374 1857 1418 1924 qn

477 1973 585 2019 eorum
605 1951 719 2042 scripte
742 1952 849 2038 λύσσης
868 1956 919 2018 καὶ
937 1955 1082 2039 ἀκρασίας
1111 1964 1243 2040 μνημεῖα
1268 1956 1408 2046 appellet

347 2111 349 2116 v
477 2072 607 2142 Homeri
629 2071 767 2140 carmine
788 2073 864 2159 ἀρχὴ
888 2076 939 2138 seui
961 2072 1048 2150 τέλος
1069 2081 1146 2160 rstrp
1171 2075 1212 2140 eb
1239 2096 1278 2142 eo
1297 2074 1418 2142 dicenti

527 2191 668 2265 Uberius
694 2197 839 2273 γνῶσιν
870 2199 902 2258 et
925 2193 1278 2284 &reciperaufi'pqttae
1306 2217 1348 2262 etc
1366 2195 1418 2264 Pi

474 2312 684 2404 losophomsm
711 2314 852 2401 scriptis
871 2319 1033 2402 petatur,
1057 2312 1150 2380 houd
1173 2317 1280 2382 minus
1299 2319 1418 2382 irretio

474 2433 618 2525 dc'gnam
628 2433 754 2524 probor
774 2430 835 2522 (2).
999 2425 1005 2438 '

524 2555 569 2622 Ut
592 2565 696 2644 petent
721 2573 772 2620 eos
801 2573 923 2635 omncs,
939 2575 978 2620 ne
997 2553 1228 2645 sapientissimis
1247 2554 1374 2646 quidem
1404 2578 1417 2622 e

475 2675 594 2768 ceptis,
613 2697 720 2755 casm,
735 2676 880 2754 incerto,
902 2673 1018 2755 dobeo,
1038 2673 1104 2742 sibi
1113 2673 1417 2744 cmttreriodocniss

476 2795 591 2886 placite
605 2793 710 2874 effert,
729 2815 809 2884 quse
828 2791 1087 2860 scholneJonicee
1106 2807 1138 2862 et
1148 2793 1369 2885 Pythagoricae
1387 2819 1417 2864 or

475 2935 532 2982 nes
543 2961 554 2995 ,
573 2937 591 2980 tt
611 2913 740 2980 Thalete
758 2911 833 2979 inde
851 2918 907 2996 τὴν
927 2919 1055 2998 φυσικὴν
1075 2913 1258 2998 φιλοσοφίαν
1285 2917 1417 2984 excolent

475 3032 672 3127 philosophi,
692 3032 805 3100 deinde
820 3033 1000 3103 Aristoteles
1018 3046 1049 3100 et
1064 3033 1152 3104 Plato
1166 3033 1318 3118 maxime,
1336 3037 1377 3102 de
1395 3061 1417 3104 r«

474 3158 740 3248 sumpriocipisi
750 3204 761 3236 ,
771 3158 888 3222 enimsi
894 3203 904 3236 ,
914 3153 985 3222 Deo
992 3204 1001 3236 ,
1013 3168 1045 3222 et
1052 3160 1244 3248 praeceptis
1253 3160 1417 3226 meatum

475 3275 595 3344 diverse
613 3289 644 3343 et
663 3275 723 3344 sibi
743 3275 896 3342 contraria
910 3277 1106 3367 protulerint.
1132 3275 1328 3368 Singulorum
1338 3279 1417 3346 horu

473 3395 592 3489 placite
619 3394 764 3476 exhibet,
798 3395 894 3469 ueluti
920 3415 1062 3488 mugnone
1087 3409 1207 3487 partem
1228 3399 1310 3489 opud
1327 3400 1417 3466 Pluto]

472 3515 593 3600 chum,
618 3515 742 3584 Sextum
761 3515 957 3608 Empiricum
975 3495 1006 3584 ct
1024 3517 1194 3608 Diogenem
1213 3519 1370 3586 Laeuium
1393 3544 1416 3586 ot

472 3649 626 3719 currunt3
653 3637 686 3704 in
705 3636 844 3704 dissensu
862 3635 1043 3727 probando,
1068 3636 1178 3704 horum
1199 3638 1416 3730 philosophoru

472 3759 589 3852 plncitn
617 3757 657 3824 ed
684 3758 867 3838 consilium,
901 3756 985 3848 quod
1005 3757 1063 3824 sibi
1083 3759 1264 3850 proposuit,
1287 3761 1373 3850 genio
1392 3785 1416 3828 st

497 3977 544 4044 tl)
566 3976 663 4028 Com
685 3976 711 4026 in
739 3974 868 4026 9rots'osse
889 3975 926 4026 od
950 3975 1063 4028 timess
1079 3980 1106 4026 et
1122 3974 1416 4028 inremunerati

463 4066 645 4128 argumentum
664 4059 767 4109 uberius
784 4059 896 4124 exponit.
1149 4081 1151 4086 ,

500 4147 545 4215 (2)
564 4146 672 4196 Cohort.
694 4144 711 4194 3
728 4147 756 4194 et
773 4142 788 4191 t
805 4157 861 4206 sqq.
