2978 5106
831 454 872 516 82

367 655 450 725 haud
468 651 648 745 spernendis
666 651 852 742 argumentis
875 672 944 716 eam
971 649 1151 717 confirmat:
1188 649 1254 729 sie,
1286 671 1346 740 quo

368 801 419 845 eos
436 776 575 842 animum
592 775 626 840 in
645 786 776 853 statum,
797 771 881 838 omni
901 793 990 838 sensu
1008 792 1156 852 vacuum,
1177 770 1346 863 nonabire

369 898 551 980 convineat3
586 891 626 960 ad
661 916 709 960 res
739 892 880 960 Ethniois
912 893 1084 960 notissimas
1118 892 1348 958 necuomautias

370 1032 401 1085 et
428 1016 540 1084 similia
571 1013 656 1080 haud
682 1015 764 1080 male
794 1025 940 1104 proroout
970 1013 1039 1101 (1);
1074 1013 1151 1095 alia,
1179 1035 1259 1102 quae
1287 1011 1349 1080 hue
1470 1085 1471 1092 g

369 1138 488 1205 faciunt
503 1134 814 1228 argumenta‚'affert,
833 1135 890 1199 ubi
905 1132 944 1198 de
954 1133 1088 1221 juducio
1106 1154 1258 1223 supremo
1278 1132 1348 1221 pla-

370 1258 467 1324 eit'urn
487 1268 588 1323 tuetur
608 1254 668 1344 (2).
717 1254 785 1320 Hoc
803 1277 864 1320 non
884 1276 972 1343 posse
990 1277 1052 1321 non
1071 1254 1165 1319 semel
1182 1251 1350 1344 aliqnando

367 1377 499 1459 haberi,
520 1375 641 1466 egregie
660 1397 696 1440 er
714 1395 751 1440 eo
769 1374 900 1465 probat,
921 1373 1004 1464 quod
1023 1373 1168 1442 homines
1182 1348 1298 1454 torrent
1315 1386 1347 1440 et

367 1500 547 1586 θεωρητικοὶ
568 1495 615 1584 (3)
644 1495 740 1561 creati
765 1507 857 1583 atque
885 1493 962 1560 adeo
988 1495 1069 1559 mele
1090 1495 1138 1562 rel
1157 1494 1237 1560 bene
1258 1515 1348 1584 agere

367 1639 426 1708 pro
454 1617 556 1682 lubitu
580 1617 735 1695 valentes,
760 1637 818 1705 pro
836 1614 954 1680 meritis
970 1614 1116 1704 praemiis
1136 1614 1198 1681 sin't
1217 1614 1348 1680 ornandi

368 1737 537 1828 poenisque
555 1734 746 1825 castigandi;
773 1756 869 1825 quum
890 1757 961 1800 rero
980 1734 1041 1802 hae
1060 1735 1094 1799 in
1112 1733 1176 1801 rita
1192 1733 1240 1824 pii
1258 1757 1348 1825 saepe
1470 1741 1471 1816 (

367 1856 500 1924 miseriis
537 1869 739 1946 premantur,
784 1855 876 1946 impii
903 1877 975 1922 vero
1007 1877 1101 1945 quarn
1128 1855 1263 1922 maxime
1290 1857 1348 1924 siut

370 1975 539 2058 fortunati,
568 1977 650 2042 Deus
668 1975 716 2042 ael
735 1996 798 2040 non
816 1975 918 2056 foret,
937 1975 985 2040 rel
1003 1981 1029 2040 si
1047 1975 1106 2056 sit,
1131 1973 1269 2042 humana
1287 1997 1347 2044 nou

369 2110 492 2164 ouraret
503 2146 513 2178 ,
546 2097 591 2162 nil
615 2097 694 2162 foret
715 2095 834 2184 pietas,
867 2095 912 2162 nil
930 2095 1086 2184 pravitas,
1110 2095 1171 2162 nisi
1193 2110 1264 2186 post
1286 2097 1346 2164 fate

365 2217 522 2309 judioiurn
541 2216 771 2296 institueretur,
784 2237 846 2306 qpo
859 2215 952 2306 justis
967 2215 1106 2306 praemia
1117 2217 1346 2298 tribuerentur,

370 2337 476 2430 injusti
494 2357 566 2403 vero
583 2336 779 2404 afficerentur
799 2336 905 2426 poenis
927 2335 987 2425 (4).

419 2447 487 2543 Quo
507 2455 604 2546 magis
621 2456 710 2524 allata
730 2469 909 2546 argumenta
928 2456 1051 2537 firmet,
1070 2457 1110 2524 ad
1121 2459 1201 2549 ipsos
1211 2458 1346 2527 Graeco-

344 2619 347 2627 ι
370 2599 440 2643 rum
459 2574 660 2666 Philosophos
683 2589 714 2642 et
732 2575 934 2665 Legislatores
953 2591 1098 2666 prorooat
1120 2577 1189 2665 (5),
1214 2578 1270 2668 qui
1292 2579 1346 2645 alia

371 2697 474 2764 faeere
484 2744 495 2776 ,
520 2695 663 2762 omittere
680 2695 739 2762 alia
760 2709 791 2762 et
810 2719 918 2785 pravos
937 2697 1085 2788 castigare
1099 2701 1266 2788 jusserant.

416 2815 576 2896 Metuens,
597 2838 635 2880 ne
647 2815 726 2882 forte
743 2815 848 2883 animo
867 2837 974 2884 eorum
994 2817 1126 2884 dubium
1140 2819 1258 2911 aliquid
1274 2821 1345 2888 resi·

372 2933 480 3014 deret,
500 2948 531 3001 et
546 2926 629 3024 leges
649 2935 732 3025 apud
756 2935 889 3004 diversos
908 2937 1037 3028 populos
1058 2938 1190 3008 diversas
1208 2963 1273 3008 esse
1289 2942 1346 3009 ob-

366 3055 500 3144 jicerent
520 3053 591 3143 (6);
623 3077 744 3121 eaumm
773 3055 864 3146 hujus
891 3033 938 3122 rei
960 3059 993 3124 in
1017 3059 1226 3130 Daemonibus
1249 3085 1348 3152 quae-

370 3175 500 3241 rendam
525 3176 648 3245 elamat.
665 3215 710 3228 -
729 3175 778 3243 Ne
808 3175 945 3243 dicerent
974 3185 1030 3262 τὴν
1052 3187 1147 3266 σάρκα
1168 3187 1267 3267 μόνην
1288 3161 1350 3250 irie

368 3299 592 3382 ἁμαρτημάτων
608 3299 712 3365 αἰτίαν
729 3319 792 3363 esse
801 3346 810 3378 ,
828 3319 952 3365 omnem
967 3297 1039 3368 boni
1055 3313 1088 3376 et,
1101 3301 1175 3368 mali
1192 3304 1347 3393 optionem

369 3435 465 3506 penes
484 3417 623 3483 anirnurn
642 3437 706 3483 esse
724 3415 856 3484 affirmat
877 3418 937 3507 (7).

375 3593 729 3608 μ--ὺ--ι-ι

400 3663 440 3729 (Ι)
459 3663 535 3728 Apol.
556 3664 577 3715 1.
600 3661 648 3725 18,
668 3665 711 3714 20.
752 3664 857 3714 Cohort.
879 3663 920 3714 14.

398 3749 439 3814 (2)
457 3747 534 3812 Apol.
555 3747 577 3798 1.
599 3747 640 3798 18.

400 3833 440 3898 (3)
458 3831 535 3896 Apol.
556 3831 577 3880 1.
596 3830 641 3880 28.

397 3917 438 3982 (4)
457 3916 534 3980 Apol.
556 3915 693 3974 11.8‚9.

379 3991 439 4066 '(o)
457 3999 533 4064 spor.
552 3999 588 4047 ιι.
608 4001 635 4064 e,

347 4126 355 4142 .
398 4087 437 4152 (θ)
455 4085 537 4150 Apol.
558 4083 593 4136 11.
616 4085 658 4136 lo.
919 4135 923 4140 ,

393 4169 435 4238 (7)
455 4169 586 4234 Dialogus
604 4185 664 4218 eum
687 4167 839 4234 Tryphone.
