2978 5106
625 471 664 532 57

160 659 232 744 istos
268 686 299 741 et
334 659 531 763 philosophos
566 667 761 734 Daemonum
795 665 961 748 instinctu,
978 731 979 735 ,
995 687 1078 756 quae·
1097 687 1133 735 er

159 797 251 866 hlosis
287 807 319 860 et
353 789 579 881 Prophetarum¹
612 787 733 878 scriptis
760 787 991 876 cognovissent,
1023 792 1135 888 misere

159 915 329 1006 corrupisse
356 925 448 1002 atque
477 909 677 1000 depravasse,
701 906 833 974 libidine
852 907 968 996 gloriae
989 911 1135 976 nonnulla

161 1034 202 1101 ad
219 1031 485 1122 suum-ingenium
504 1029 695 1120 exposuisse,
720 1029 779 1094 alia
797 1042 882 1094 metu
900 1029 1041 1099 tacuisse.

206 1156 375 1234 «lustinus,
388 1152 437 1219 his
461 1151 654 1242 opinionibus
672 1149 830 1223 imbutus,
854 1164 1068 1239 argumentum
1078 1148 1138 1218 hoc
1202 1226 1204 1232 ‚

163 1275 286 1366 copiose
315 1273 460 1364 exponit,
489 1293 525 1336 er
552 1271 690 1337 Homero
719 1273 749 1336 et
775 1271 903 1337 Platone
915 1267 929 1352 ,'
946 1295 1043 1361 quos,
1063 1257 1141 1338 t'este

163 1395 300 1464 Iiiodoro
312 1444 322 1474 ,
342 1395 374 1458 in
399 1393 576 1482 Aegyptum
598 1391 849 1490 ⁴itersuseepisse
877 1391 982 1458 sedulo
1009 1392 1141 1483 probat,

165 1515 340 1584 testimonia
363 1525 482 1603 petens.
712 1503 715 1510 ⁴

165 1663 185 1710 ς
213 1623 467 1703 convenientiam
484 1633 592 1714 bum,
611 1633 711 1700 multo
729 1630 856 1724 quidem
867 1633 983 1722 ingenii
1001 1634 1143 1700 acumine
1195 1693 1198 1704 .

167 1772 198 1827 et
212 1758 339 1846 magni
362 1754 523 1834 doenint,
548 1751 588 1818 ad
607 1753 812 1821 minutissima
837 1776 934 1842 usque
952 1754 1050 1821 trahit
1061 1805 1072 1838 ,
1095 1777 1144 1822 res

168 1850 232 1960 non
255 1887 376 1942 tantum
399 1871 453 1941 sed
471 1873 565 1940 rerba
585 1895 709 1963 quoque
727 1895 745 1938 a
763 1860 856 1940 llosis
875 1885 906 1938 et
921 1873 1146 1963 Prophetarum

170 1996 291 2086 scriptis
302 1994 518 2062 desumtaesse
529 1992 727 2063 contendens.
752 1992 827 2074 Sic,
842 2005 877 2058 ut
895 1999 990 2058 unum
1001 1995 1152 2061 alterum--

170 2139 231 2208 que
249 2115 422 2206 exemplum
446 2113 595 2194 afferam,
611 2113 763 2179 Homerus
781 2113 959 2180 eGeneseos
970 2113 1051 2181 libro
1061 2137 1147 2182 crea-

86 2315 88 2322 ,
169 2236 287 2304 tionem
311 2232 421 2300 mundi
438 2235 472 2300 in
492 2233 610 2324 Glypec
630 2232 781 2313 Achillis,
805 2232 985 2323 paradisum
1000 2235 1032 2299 in
1051 2235 1148 2303 hortis

172 2355 300 2424 Alcinoi
314 2353 514 2434 delineasset,
538 2354 796 2435 constructionem
816 2354 907 2420 turris
924 2355 1149 2443 Babylonicae,

175 2495 273 2566 quum
300 2474 407 2540 Pelion
435 2471 527 2541 Ossae
555 2471 786 2563 superadditum
815 2486 957 2544 caneret:
994 2476 1037 2540 sic
1062 2475 1149 2544 Plato

174 2595 347 2664 doctrinam
374 2591 413 2660 de
441 2593 662 2686 inspiratione,
697 2592 736 2657 de
765 2591 926 2675 trinitate,
961 2593 1000 2660 de
1026 2594 1150 2684 judicio

173 2737 335 2808 supremo,
369 2713 409 2780 de
432 2714 674 2794 resurrectione,
699 2713 872 2804 similiaque
892 2731 910 2780 e
928 2715 1048 2782 Veteris
1066 2717 1150 2782 Foe-
1185 2747 1187 2754 ,

88 2847 91 2856 '
175 2835 257 2903 deris
275 2835 366 2901 libris
381 2846 539 2901 mutuatus
558 2845 634 2900 esset
644 2857 653 2915 ;
686 2832 770 2924 quod
793 2847 897 2900 tamen
915 2834 1162 2903 Atheniensium.

174 2971 262 3024 metu
276 2958 430 3024 tacuisset.
470 2953 588 3021 Eodem
607 2967 693 3022 metu
712 2953 822 3022 ductus
842 2955 901 3023 alia
919 2956 1069 3038 obscure,
1093 2959 1153 3024 alia

176 3081 279 3160 clare,
312 3079 451 3168 'figurate
486 3089 517 3142 et
544 3076 712 3165 symbolice
737 3077 798 3142 alia
825 3077 1052 3168 proposuisset3
1086 3079 1154 3147 aliis

176 3221 266 3290 saepe
281 3199 382 3266 verbis
393 3247 403 3279 ,
427 3197 495 3263 eliis
512 3193 697 3287 imaginibus
714 3221 796 3266 usus.
822 3197 921 3264 *Hinc
940 3199 1155 3289 explicandum
1212 3231 1214 3236 ’
1252 3194 1257 3203 ’

178 3341 302 3412 qnoque
321 3321 377 3402 sit,
398 3317 482 3408 quod
500 3316 678 3409 philosophi
687 3332 719 3385 et
727 3327 854 3409 potitae,
865 3320 1113 3389 melioraaMose
1124 3333 1156 3389 et

176 3441 340 3532 Prophetis
360 3440 486 3521 edocti,
506 3439 544 3506 iis
567 3461 646 3529 quae
663 3453 734 3507 ante
750 3439 907 3525 dixerant,
932 3440 1045 3510 deinde
1063 3445 1156 3534 plane

179 3563 333 3630 contraria
352 3559 526 3632 docuerint.
1098 3549 1101 3556 ’

225 3681 297 3750 Non
324 3681 410 3748 lubet
434 3680 565 3748 ridicula
592 3679 764 3748 istiusmodi
781 3681 835 3748 hic
853 3683 980 3750 ulterius
999 3685 1154 3774 persequi.

180 3801 240 3868 Vir
259 3826 336 3893 opus
357 3816 402 3870 est
420 3825 563 3884 monere,
581 3803 740 3870 Justinum
755 3805 851 3870 multa
868 3803 1157 3906 poetarumhetphi-

180 3922 378 4012 losophorum
406 3922 489 3990 dicta
514 3923 626 3990 misere
646 3925 846 4015 contorsisse,
871 3937 902 3990 et
922 3925 987 3989 sine
1005 3924 1067 3990 ulla
1084 3949 1157 4016 pro·
1250 4009 1252 4014 Δ

183 4041 279 4108 bandi
297 4043 327 4108 ri
344 4043 383 4108 ad
399 4067 452 4126 ea,
470 4066 549 4134 quae
569 4043 600 4110 in
611 4043 732 4112 Veteris
747 4041 1157 4136 Foederislocishabentur,

182 4164 449 4247 accommodasse3
477 4165 577 4232 ubivis
606 4164 683 4231 illud
707 4165 824 4233 furtum
843 4163 1076 4255 deprehendere
1095 4167 1158 4234 sibi
