3016 5108
822 360 840 422 4

388 555 528 621 lustinus
549 552 597 642 (1)
617 552 702 620 haud
723 553 778 620 diu
793 569 861 646 post
879 579 995 622 annum
1018 559 1103 638 114,
1127 571 1163 625 ut
1182 557 1324 639 ridetur,

341 655 465 742 Flaviae
484 675 633 766 Neapoli,
649 677 841 768 Palaestinae
860 679 938 744 urbe
949 729 958 760 ,
970 681 1057 768 juata
1076 679 1220 770 antiquae
1238 679 1325 745 urbis

345 795 473 862 Siohem
492 799 595 862 ruinas
617 795 762 878 conditi,
786 799 921 888 primam
938 799 1040 865 lucem
1060 799 1153 870 uidit.
1200 801 1325 866 Patrem

319 938 323 948 ·
344 917 454 984 habuit
474 918 615 984 Priscum
643 917 834 1001 Ethnicum,
859 921 959 987 lilium
979 920 1131 1000 Bacchii,
1156 943 1250 1010 quem
1267 919 1326 986 sub

345 1039 552 1129 Vespasiano,
587 1063 605 1104 a
633 1063 694 1130 quo
721 1039 798 1106 haec
822 1041 896 1108 urbs
924 1064 1038 1110 nomen
1064 1065 1100 1106 ac
1122 1043 1175 1132 jus
1192 1041 1327 1106 civitatis

345 1159 498 1249 accepisse
530 1159 675 1240 ridetur,
710 1183 747 1227 co
782 1161 924 1228 colonum
958 1163 1133 1252 profectum
1161 1183 1225 1229 esse
1253 1183 1326 1228 rero
1435 1226 1438 1232 Δ

295 1299 298 1308 “
343 1280 428 1345 haud
450 1281 592 1346 absimile
615 1293 671 1349 est.

316 1473 318 1480 ¹
394 1401 484 1487 Quali
507 1401 682 1468 adolescens
710 1401 904 1469 institutione
929 1425 1000 1469 usus
1023 1404 1168 1485 sit,1non
1186 1415 1324 1472 constat.

346 1522 469 1605 Poetis,
495 1523 688 1604 oratoribus,
712 1521 866 1590 historicis
889 1521 1026 1614 legendis
1046 1545 1172 1614 operam
1200 1545 1326 1589 narasse

345 1641 478 1712 ridetur.
513 1643 584 1710 Mox
604 1666 676 1710 vero
691 1667 749 1734 pro
763 1645 905 1734 flagranti
920 1645 1015 1734 ipsius
1029 1644 1095 1711 veri
1109 1643 1211 1711 studio
1226 1658 1327 1711 totum

348 1786 379 1828 se
409 1763 624 1854 philosophiae
654 1764 752 1835 dedit.
801 1765 868 1851 Quo
894 1765 1004 1832 melius
1029 1765 1063 1830 id
1082 1766 1184 1831 facere
1202 1780 1325 1858 posset,

347 1886 448 1976 patrii
474 1883 552 1950 urhe
579 1886 708 1968 relicti,
733 1885 973 1966 Alexandriam,
997 1898 1032 1952 ut
1051 1884 1197 1968 ridetur,
1220 1885 1326 1952 Philo-

346 2005 513 2097 sophorum
531 2005 634 2073 sedem
644 2008 753 2099 petiit,
774 2008 882 2098 ibique
893 2008 1030 2098 primum
1040 2005 1181 2075 Stoicum
1193 2057 1202 2087 ,
1215 2004 1328 2072 deinde

349 2129 614 2219 Peripateticum,
647 2142 714 2194 tum
743 2128 968 2220 Pythagoreum
988 2129 1167 2221 paulisper,
1192 2126 1330 2217 denique

347 2247 463 2316 diutius
490 2249 685 2316 Platonicum
711 2249 829 2317 audivit
855 2247 1078 2340 Philosophum
1090 2273 1101 2331 ;
1126 2272 1203 2339 quos
1220 2261 1327 2315 tamen

243 2409 247 2421 ·
349 2393 473 2453 omues,
510 2371 572 2437 sire
594 2368 678 2460 quod
696 2394 802 2437 eorum
822 2371 936 2462 placita
956 2371 1018 2436 sire
1037 2369 1148 2462 agendi
1168 2370 1246 2435 ratio
1266 2369 1328 2462 ipsi

342 2490 569 2583 displicerent,
581 2495 659 2560 'mor
678 2491 813 2560 deseruit
832 2493 893 2585 (2).
963 2547 969 2556 .

379 2613 498 2697 'Quum
525 2613 644 2704 ubique
668 2613 792 2680 delusus
815 2627 911 2694 esset,
935 2637 1014 2695 nec,
1039 2613 1123 2705 quod
1142 2625 1326 2704 quaereret,

346 2733 510 2802 invenisset
522 2781 532 2813 ,
565 2732 766 2799 Prouidentii'
790 2732 893 2800 divini
920 2735 1058 2815 factum,
1088 2747 1124 2802 ut
1147 2755 1236 2800 senex
1255 2732 1325 2822 qui-

349 2851 422 2919 dam
443 2851 656 2932 Christianus,
680 2875 785 2920 seram
803 2853 1031 2946 philosophiam
1044 2855 1083 2921 'in
1102 2853 1327 2945 Prophetarum

379 3239 419 3306 (1)
436 3241 589 3290 Harrorxrus
598 3239 751 3306 peculiarem
761 3239 854 3289 librum
863 3241 965 3307 scripsit
974 3241 1014 3290 De
1024 3243 1081 3294 citu
1091 3229 1197 3290 luerim·
1204 3238 1338 3304 Martyria

345 3340 454 3388 eumque
482 3325 563 3374 multi
593 3324 696 3388 quidem
721 3324 857 3385 doctrind,
894 3325 938 3375 sed
965 3343 1052 3392 parum
1080 3326 1186 3384 critice,
1223 3324 1284 3374 salsa
1310 3327 1339 3372 et
1414 3375 1417 3382 ,

346 3409 460 3460 fabulosa
485 3410 551 3458 veris
576 3407 645 3456 haud
661 3425 717 3458 raro
734 3411 880 3459 intermixta
899 3411 1020 3460 reserens.
1057 3410 1121 3461 vide
1140 3425 1243 3473 quoque
1266 3408 1339 3456 Pru·

346 3496 469 3546 dantium
494 3493 640 3544 Muranum
665 3494 692 3542 iu
715 3493 791 3542 docta
818 3495 876 3559 ejus
901 3495 1060 3560 praelatione
1085 3493 1116 3543 ad
1141 3508 1239 3543 rusrrru
1257 3493 1339 3556 Opera

346 3580 415 3632 edita
439 3595 454 3627 a
479 3578 681 3642 congregatione
710 3577 806 3628 Sancti
819 3577 929 3638 Mauri,
959 3577 1061 3628 Parisiis
1083 3576 1158 3628 1742.
1181 3593 1206 3642 p.
1227 3575 1260 3624 62
1279 3589 1338 3638 sqq.

345 3666 463 3714 Getarum
484 3663 529 3726 qui
556 3661 587 3711 de
605 3677 708 3712 ruarmo
731 3663 839 3726 ejusque
864 3664 965 3728 scriptia
982 3663 1137 3728 scripserunt
1154 3675 1235 3724 eaque
1252 3657 1341 3707 edide-

347 3751 424 3807 runt,
445 3747 575 3795 recensuit
598 3761 647 3796 rra
664 3763 771 3807 aarum,
798 3747 974 3812 Vardadr'qiny
994 3763 1047 3796 oon
1066 3745 1151 3813 stou
1166 3761 1200 3794 err
1220 3745 1341 3808 operaba-

347 3833 427 3897 πίοις,
447 3831 504 3882 Vol.
520 3828 546 3884 Ἰ.
563 3846 621 3896 pag.
639 3831 690 3880 203
701 3847 758 3895 aqq.
786 3832 835 3896 Qui
853 3847 950 3884 rueram
968 3831 1221 3882 vitam-conscribere
1236 3829 1341 3894 cupiat,
1426 3863 1430 3874 .

346 3917 453 3965 maxime
471 3915 550 3981 ipsius
567 3916 615 3964 viri
632 3915 726 3983 scripta
744 3915 824 3965 adito.

381 3998 421 4064 (2)
441 3999 479 4050 Gt.
500 4000 632 4067 Dictoque
656 4016 715 4050 aum
740 4001 882 4067 Tryphone
899 4002 956 4051 luit.
993 4001 1051 4051 Fuit
1068 3999 1154 4048 eadem
1170 3999 1220 4048 hoo
1239 3999 1342 4047 nomina

347 4085 412 4133 ratio
432 4085 610 4152 plerorumque
626 4087 841 4153 Apologetarum:
861 4086 945 4152 plures
960 4083 1009 4134 hoo
1027 4083 1076 4148 ipsi
1094 4083 1279 4146 significarunt.
