2978 5106
624 435 671 498 ''b'l

165 635 278 704 simum
296 634 403 712 euim,
427 629 510 722 quod
531 627 715 698 Christianis
732 631 827 723 objici
846 635 982 716 solebat,
998 637 1137 719 crimen,

163 779 201 820 er
228 777 291 846 quo
317 752 455 843 reliquae
476 752 572 818 'facile
598 753 777 820 oriebantur
804 754 996 837 calumniae,
1029 759 1138 826 falsum

164 897 250 954 esse,
281 896 393 964 eosque
409 872 591 962 religionem
611 895 741 963 eamque
760 895 796 938 cr
815 896 887 940 sero
906 876 990 943 fonte
1010 878 1139 967 petitam

163 996 280 1064 habere
290 1045 300 1076 ,
320 993 440 1084 egregie
459 993 730 1092 demonstraverat.
753 993 895 1060 Ilthnicis
912 995 1049 1062 Deorum
1067 999 1137 1064 cul-

162 1129 197 1182 tu
217 1117 292 1182 falso
311 1115 459 1205 probato,
479 1126 511 1179 et
530 1093 758 1195 fundamentis,
775 1115 889 1204 quibus
902 1115 963 1182 niti
982 1114 1136 1184 credeba-

163 1250 234 1316 tur,
254 1235 285 1302 ri
303 1259 357 1302 sua
375 1233 527 1326 privatis3
550 1234 750 1324 scrupulum,
770 1234 854 1323 quod
865 1257 916 1302 eos
926 1235 1135 1326 impediebat,

161 1358 327 1446 quominus
355 1378 440 1422 sacra
469 1353 642 1421 Christiana
669 1354 867 1444 reciperent,
899 1357 1038 1424 omnium
1061 1381 1134 1426 mo-

121 1479 124 1484 “
158 1478 356 1545 lectissimum
384 1486 549 1544 exemerat.
595 1475 652 1541 ldis
679 1476 762 1542 viam
792 1475 853 1542 sibi
874 1489 1020 1545 suaserat
1040 1501 1133 1558 cum,

158 1599 220 1688 quit
250 1595 439 1694 Christianos
464 1595 590 1662 ulterius
610 1593 811 1676 defenderet,
836 1608 926 1678 tum,
950 1599 1011 1688 qut
1034 1598 1134 1687 genti·

157 1719 238 1786 libus
259 1717 376 1786 Christi
397 1715 570 1782 docuinam
591 1713 831 1793 commendaret.

204 1837 255 1905 dd
282 1837 435 1927 reliquam
455 1835 698 1903 Christianorum
716 1835 891 1904 doctrinam,
902 1836 1133 1927 exponendam,

155 1957 348 2050 probandam
368 1969 399 2024 et
418 1955 667 2038 defendendam,
686 1956 850 2023 Justinum'
858 1956 1059 2046 impellebant
1077 1981 1133 2024 ca·

154 2079 312 2160 lemniae,
334 2101 409 2168 quas
427 2076 574 2157 Ethnici,
594 2075 838 2144 Christianorum
857 2075 1029 2144 doctrinam
1039 2079 1130 2168 ignc-

155 2212 278 2278 rantes,
310 2198 360 2264 his
385 2198 521 2287 objicere
539 2197 688 2266 solebant.
723 2193 890 2263 Christiani
910 2197 993 2264 enim
1012 2197 1053 2264 ob
1072 2197 1131 2264 de-

155 2331 271 2386 sertum
295 2318 433 2384 Deorum
450 2318 568 2384 cultum
585 2341 647 2384 non
664 2317 756 2407 impii
774 2329 895 2384 tanturn
913 2317 1128 2400 habebantur,

155 2461 262 2507 verum
282 2438 377 2505 etiam
396 2437 596 2528 superstitiosi
612 2450 642 2503 et
661 2436 835 2517 dementes,
856 2437 940 2527 quod
954 2437 1129 2520 Judaeum,
1161 2435 1164 2440 ’

152 2581 213 2625 nec
239 2556 433 2648 philosophiis
460 2579 527 2624 nec,
547 2557 667 2647 generis
695 2557 858 2625 nobilitate
886 2558 1056 2647 insignem,
1075 2558 1128 2626 sed

153 2677 242 2744 cruci
261 2676 406 2756 affixum,
424 2676 484 2743 Dei
514 2677 609 2744 instar
617 2667 786 2757 colerent,
811 2679 937 2768 ejusque
955 2677 1129 2746 doctrinam

150 2797 288 2865 divinam
306 2819 370 2864 esse
387 2796 600 2887 gloriarentur.
634 2797 807 2896 ¹Praeterea
826 2797 951 2865 fanatici
969 2811 1000 2866 et
1019 2797 1126 2866 homi-

150 2941 228 2986 nnm
244 2917 436 3009 imperiique
457 2916 546 2984 saluti
564 2917 750 3006 periculosi,
770 2919 844 3007 quia
864 2916 1004 2984 doctrina
1021 2916 1127 2987 Chris·
1153 2945 1157 2952 ·

150 3040 235 3106 tiana
254 3038 353 3105 omnis
371 3036 445 3104 mali
460 3037 527 3104 lons
546 3058 610 3104 esse
629 3038 860 3128 pervulgaretur
872 3038 934 3126 (1).

146 3203 151 3210 -
195 3156 375 3248 Philosophi
394 3179 518 3246 quoque
529 3157 591 3238 ,ob
601 3178 704 3223 causas
713 3156 964 3248 snproindioatas
976 3159 1126 3250 ,religio-

149 3301 222 3368 nem
241 3275 448 3346 Christianam
465 3300 582 3344 atonem
597 3281 1126 3371 mpereta'tiouemetmcrisprae-

146 3401 362 3466 aumtiomlms
371 3401 509 3490 plenam
525 3399 573 3488 (2)
593 3398 727 3489 probare
741 3397 943 3469 conabantur.
990 3400 1033 3468 Hi
1051 3402 1125 3470 reli·

146 3520 272 3610 ponem
294 3516 409 3586 Christi
427 3543 491 3588 non
509 3542 546 3587 eo
564 3517 692 3610 quidem
712 3503 854 3589 acumine
871 3519 1039 3610 petebant,
1064 3545 1126 3612 quo

148 3637 264 3706 deinde
284 3637 387 3706 Celsus
404 3640 520 3730 aliique
538 3663 606 3708 enm
625 3641 821 3732 petiverunt;
841 3641 1060 3732 plerarumque
1075 3656 1123 3710 ta·
1189 3733 1191 3738 ,
1256 3651 1260 3659 '

146 3781 218 3826 men
229 3757 466 3842 difficultatum,
485 3784 563 3850 quae
574 3761 686 3827 deinde
696 3763 835 3844 acutius,
848 3764 972 3829 uberius
982 3775 1012 3828 et
1022 3764 1124 3831 acrius

174 3975 216 4041 (l)
233 3977 398 4036 ⁴lasciniam,
422 3977 512 4026 Caroli.
532 3978 579 4026 der
590 3977 665 4043 Apol.
687 3996 743 4047 pag.
755 3977 807 4030 205
822 3993 879 4042 sqq.
917 3979 1051 4042 dannan,
1071 3983 1088 4030 l.
1100 3999 1125 4034 c.

141 4063 152 4112 l
174 4063 203 4112 ll.
225 4061 235 4110 l
256 4061 334 4112 Abte.
353 4077 411 4128 pag.
433 4060 492 4114 127.

177 4144 218 4212 (2)
235 4145 438 4207 Turratenses,
460 4144 568 4213 Apotoq.
589 4147 632 4198 ta.
