3016 5108
797 383 818 445 8

319 581 400 647 falsis
439 579 599 670 gentilium
636 579 744 670 religio
780 565 932 645 niteretur
964 585 1170 672 argumentis,
1198 561 1308 676 Aquam·

319 722 506 791 perversamv
522 701 555 764 in
582 721 683 767 mores
710 699 920 767 informandos
944 702 1007 766 rim
1032 701 1182 787 haberet,
1205 707 1301 774 lucu·-

318 822 431 888 lentius
458 807 590 912 probare
609 833 641 885 et
659 820 793 910 objectas
813 814 1009 889 difficultates
1027 825 1165 908 solrere;
1189 827 1298 894 Philo-

319 941 425 1033 sophi,
443 943 497 1031 qui
515 963 629 1007 nomen
646 940 707 1006 virt
727 939 971 1023 dedecorarent,
989 942 1299 1040 doctrind,·eamque

317 1062 512 1155 proponendi
536 1061 675 1141 ratione,
696 1062 836 1129 homines
854 1085 913 1130 neo
932 1064 1130 1154 sapientiores
1148 1090 1207 1134 nec
1223 1070 1300 1135 teli-

318 1185 417 1250 ciores
443 1181 631 1261 redderent,
665 1181 847 1264 ostendere;
879 1205 914 1249 ex
943 1185 1017 1275 ipsis
1038 1185 1174 1277 denique
1190 1198 1298 1278 putita-

317 1327 406 1383 rum,
425 1303 665 1384 historicorum,
682 1316 712 1369 et
728 1302 983 1395 philosophorum
999 1307 1120 1397 scriptis
1135 1309 1297 1399 gentilium

317 1424 499 1516 religionem
538 1423 693 1504 refutare,
729 1421 937 1490 Christianam
965 1449 1038 1493 vero
1072 1424 1240 1493 defendere
1268 1445 1300 1496 et

319 1665 492 1731 doctiorum
514 1675 544 1728 et
568 1661 779 1744 nobiliorum,
803 1665 846 1730 ita
866 1664 898 1730 in
912 1663 1122 1732 'indoctorum
1141 1679 1172 1732 et
1191 1668 1300 1758 plebe-

312 1788 419 1874 jorum
438 1755 527 1852 usum
540 1775 553 1863 ,⁴
570 1797 696 1874 captum
715 1796 745 1849 et
763 1783 961 1850 commodum
980 1785 1170 1875 Apologetae
1187 1809 1297 1854 munus
1344 1788 1349 1797 “

311 1890 438 1996 ‘egregie
462 1903 611 1970 sustinere
633 1917 766 1994 poterat.

309 2061 310 2066 κ
353 2003 410 2093 '3⁰.
434 2025 507 2090 Vita
535 2045 607 2090 vcro
631 2037 663 2090 et
688 2023 840 2092 institutio
859 2045 896 2092 eo
916 2048 1041 2116 quoque
1058 2028 1243 2110 valuerunt,
1263 2044 1298 2097 ut

316 2145 433 2212 Christi
448 2143 622 2211 doctrinam
638 2143 682 2210 ita
697 2143 879 2212 defenderet
897 2159 928 2213 et
947 2145 1200 2230 commendaret,
1216 2150 1299 2216 utin

317 2268 439 2359 scriptis
455 2259 648 2334 offendimus.
688 2261 967 2358 Philosophorum,
986 2268 1120 2336 Platonis
1137 2271 1297 2351 maxime,

316 2389 439 2481 placitis
451 2379 621 2467 imbutus,
644 2409 717 2470 ,non
744 2400 865 2477 poterat
884 2411 947 2455 non
967 2387 1083 2456 Christi
1102 2388 1297 2473 doctrinam,

316 2533 353 2576 cr
391 2505 587 2599 philosophia
625 2506 777 2596 explicare
813 2519 845 2573 et
881 2506 920 2572 ad
957 2531 1025 2576 eam
1052 2510 1297 2580 accommodare.

317 2634 428 2698 Arene
447 2627 592 2708 edoctus,
614 2628 647 2692 in
664 2627 889 2716 Prophetarum
905 2629 1027 2719 seriptis
1047 2629 1163 2699 Christi
1181 2631 1298 2700 doctri.
1344 2665 1350 2670 ·

317 2775 390 2818 nam
417 2772 529 2840 magna
555 2771 591 2813 er
619 2761 709 2838 parte
733 2747 942 2839 indagandum
961 2773 1045 2832 esse,
1070 2753 1162 2819 facile
1179 2777 1217 2820 eo
1236 2755 1298 2822 du-

317 2874 465 2950 cebatur,
500 2881 533 2936 ut
563 2867 677 2934 horum
702 2881 807 2934 ratum
834 2867 1048 2940 Hebraeorum
1077 2874 1191 2964 scripta
1222 2877 1298 2942 fun-

317 2993 462 3060 damenta
499 3001 649 3080 poneret,
690 2987 804 3078 quibus
834 2987 948 3082 Christi
975 2990 1133 3058 doctrinae
1161 2993 1298 3082 divinam

317 3113 489 3204 originem,
533 3109 748 3177 auctoritatem
760 3158 770 3190 ,
814 3111 892 3200 quin
924 3112 989 3178 imo
1021 3114 1199 3180 universum
1234 3120 1298 3206 ejus

314 3235 468 3302 ambitum
492 3244 725 3324 superstrueret.
807 3233 811 3246 ’

320 3407 322 3412 .
362 3357 447 3442 Quae
458 3352 609 3434 diximus,
626 3353 727 3419 ubivis
735 3351 854 3419 Justini
873 3354 994 3444 scriptia
1006 3354 1248 3440 confirmantur3
1267 3373 1297 3426 et

315 3501 377 3571 quo
387 3476 506 3542 facilius
516 3474 538 3541 J
541 3473 634 3539 ustini
649 3475 764 3564 scripta
774 3474 1001 3566 intelligantur,
1023 3475 1156 3543 maxime
1165 3479 1295 3549 faciunt.

306 3599 434 3686 Qualis*
451 3594 643 3687 Apologeta,
679 3617 758 3684 quae
780 3593 953 3680 „scribendi
992 3609 1023 3662 et
1059 3597 1295 3688 argumentandi

314 3719 394 3786 ratio
422 3740 477 3785 nos
503 3729 668 3796 maneant,
694 3717 761 3804 jam
781 3737 817 3781 ex
834 3713 926 3784 dietis
945 3715 1174 3807 quodammodo
1192 3721 1296 3810 colligi

314 3853 424 3930 potest.
