2978 5106
223 788 452 880 Exspectassris
469 787 594 866 forsan,
619 785 656 854 L.
678 785 717 854 B.
735 783 895 852 ,lustinum
919 783 969 853 his
992 790 1053 856 suis
1078 789 1156 857 saria
1240 879 1243 886 Ι

176 915 258 1003 ptis,
293 909 452 1000 Apologiis
479 907 632 988 maxime,
667 906 910 997 Imperatoribus
946 921 978 975 et
1015 909 1158 980 Etbnieis

177 1032 318 1098 universe
345 1030 384 1096 de
410 1027 656 1096 Christianorum
682 1026 858 1094 innocentia
885 1050 1053 1120 eorumque
1076 1055 1156 1122 pro.

176 1151 315 1218 fessionis
326 1149 518 1240 praestantii
536 1150 736 1239 persuasisse,
762 1161 793 1214 et
812 1147 852 1212 ab
871 1147 931 1213 illis
949 1161 1036 1224 certe.
1050 1148 1158 1240 impe-

176 1285 292 1352 trasse,
316 1283 351 1336 ut
375 1268 545 1336 Christiani
569 1268 602 1332 in
629 1267 761 1358 imperio
790 1268 930 1334 llomano
953 1267 1156 1336 tolerarentur
1259 1324 1262 1329 .

177 1391 371 1484 publicisque
394 1387 659 1480 persecutionibus
683 1389 900 1459 liberarentur.
920 1427 966 1442 -
986 1389 1157 1476 Cruminam

178 1535 250 1578 rero
280 1497 448 1601 Apologiae
471 1510 554 1576 huno
579 1509 723 1574 effectum
743 1507 915 1590 baberent,
940 1532 1048 1576 causae
1065 1510 1100 1575 in
1118 1531 1156 1578 eo

179 1646 248 1700 sunt
273 1629 488 1722 quaerendae,
522 1628 603 1720 quod
626 1628 748 1718 judiees
776 1653 827 1696 eas
850 1652 960 1721 parurn
989 1643 1154 1712 curarent,

135 1815 143 1830 ,
179 1767 233 1834 et,
256 1754 282 1820 si
300 1754 455 1844 legerent,
484 1750 561 1841 quid
579 1773 685 1817 rerum
705 1765 736 1818 et
752 1753 872 1841 justum
892 1764 968 1818 esset
979 1801 989 1832 ,
1013 1765 1157 1820 accurate

179 1873 337 1963 inquirere
361 1872 561 1954 omitterent;
597 1871 689 1938 nimis
711 1869 929 1962 praejudicatis
956 1884 987 1938 et
1013 1873 1157 1963 religioni

180 1992 371 2060 Christianae
395 1993 487 2082 plane
515 1992 675 2058 contrariis
695 1990 903 2082 opinionibus
923 1993 1065 2081 occupati
1086 1992 1154 2081 (1),

178 2135 272 2204 quam
292 2127 326 2178 ut
347 2110 592 2182 Christianorum
611 2112 805 2202 professionis
821 2112 1041 2202 praestantium
1059 2113 1156 2180 intel-

178 2233 327 2324 ligerem,
348 2231 536 2300 Christianos
556 2234 702 2300 innocuos
720 2247 935 2323 agnoscerent,
957 2257 1070 2324 eosque
1087 2247 1156 2301 ten·
1258 2245 1262 2330 Ἰ

177 2377 272 2444 quam
294 2355 368 2420 tales
391 2352 602 2442 defenderent.

221 2476 331 2543 Fertur
360 2473 486 2564 quidem
512 2465 686 2542 Antoninus
710 2473 782 2542 Pius
805 2474 838 2554 iu
861 2475 1005 2561 ἐπιστολῇ
1025 2479 1100 2562 πρὸς
1121 2479 1156 2542 τὸ

177 2599 280 2662 κοινὸν
301 2603 354 2676 τῆς
376 2595 491 2670 Ἀσίας
510 2595 719 2675 constituisse,
745 2608 779 2661 nt
801 2592 991 2675 Christiani,
1014 2619 1077 2670 non
1096 2593 1156 2661 nisi
1216 2635 1220 2640 -

177 2711 217 2780 de
237 2711 419 2779 criminibus
433 2714 567 2803 politicis
585 2714 737 2796 convicti,
756 2715 956 2806 punirentur,
978 2728 1010 2782 et
1026 2715 1067 2781 ob
1082 2737 1157 2805 pro·

174 2833 337 2901 fossionem
357 2833 578 2904 tolerarentur:
605 2857 711 2902 rerum
732 2857 803 2901 eum
829 2835 949 2902 interna
975 2849 1156 2928 argumenta

173 2953 255 3020 hanc
264 2953 425 3044 epistolam
434 2954 557 3036 falsam,
568 2969 634 3022 tum
644 2956 871 3047 persecutiones
880 2957 1015 3040 Romae,
1027 2955 1155 3048 Lugdu-

174 3076 221 3156 ni,
236 3075 374 3140 Viennae
384 3087 415 3141 et
425 3074 458 3140 in
469 3076 666 3142 Asialllinore
678 3100 813 3167 quoque,
825 3100 895 3144 mox
904 3077 960 3144 sub
971 3078 1077 3144 Marco
1087 3077 1154 3144 hu·

177 3196 254 3262 relio
270 3195 442 3277 insecutae,
459 3196 647 3263 contrarium
664 3195 787 3270 abunde
797 3198 929 3294 probare
939 3197 1083 3264 ridentur
1094 3198 1155 3287 (2).

207 3315 324 3380 Verum
339 3315 507 3396 enimvero,
521 3317 641 3382 etiamsi
650 3315 671 3382 J
674 3316 790 3383 ustinus
799 3317 847 3384 bis
858 3319 919 3384 suis
928 3317 1049 3408 scriptis
1058 3315 1156 3389 Chri-

175 3434 345 3501 stianorum
367 3437 562 3503 tolerantiam
587 3459 648 3502 non
669 3437 900 3528 impetraverit,
925 3451 1028 3506 tamen
1048 3439 1156 3506 multis

173 3555 350 3621 nominibus
370 3557 416 3620 rei
437 3553 629 3624 Christianae
647 3557 798 3647 profuisse
816 3557 964 3636 dicendus
980 3554 1036 3628 est.
1072 3559 1157 3645 Quae

174 3675 259 3742 enim
285 3676 444 3755 lustinus,
475 3681 600 3772 τρίβωνι
628 3678 690 3748 sire
707 3679 801 3768 pallio
820 3679 1006 3773 philosopho
1025 3679 1073 3770 (3)
1102 3681 1155 3746 in-

205 3933 246 3999 (l)
264 3935 399 3993 liranum,
419 3933 432 3982 1
450 3933 528 3983 Band.
547 3932 560 3982 1
577 3932 657 3983 absh.
675 3950 733 4000 pag.
745 3933 803 3991 ,274
821 3951 861 4000 sq.

200 4017 240 4084 (2)
258 4019 296 4068 Cl.
308 4035 374 4082 quae
391 4017 492 4083 scripsit
508 4033 620 4069 urrunsa
638 4036 664 4085 p.
677 4018 725 4068 lot
744 4035 802 4084 sq.,
822 4024 850 4071 et
867 4036 932 4085 quos
948 4021 1010 4071 citat
1030 4037 1055 4074 r.
1068 4037 1159 4072 sannas

266 4118 294 4157 o.
312 4119 337 4155 e.
356 4120 414 4169 pag.
433 4103 501 4166 209,
521 4103 548 4152 in
566 4107 654 4153 annot.
672 4102 733 4156 349.

201 4183 240 4249 (3)
258 4185 322 4242 vite,
335 4202 466 4240 sessurus
484 4187 510 4238 in
530 4186 642 4258 nante,
660 4188 729 4238 Tam.
750 4188 771 4240 1.
792 4204 849 4255 pag.
870 4188 930 4238 332.
