2978 5106
615 457 656 518 95

150 673 196 726 tas
225 680 288 726 esse
316 656 570 746 probaverimus,
609 655 664 720 ubi
685 649 928 744 Christianorum
958 653 1128 728 doctrinam

150 789 314 868 exponeret
342 791 373 843 et
398 775 588 856 vindicaret;
615 774 746 864 quisquc
764 771 869 853 videt,
889 795 945 844 uos
965 797 1025 856 ca,
1049 799 1129 866 quae

149 909 332 989 supersunt,
357 896 463 988 paucis
482 895 647 984 complecti
665 915 763 984 posse.

196 1017 366 1086 Christiani
384 1031 446 1086 non
467 1029 588 1083 tantum
613 1015 652 1082 ob
672 987 894 1104 professidncm
914 1015 1005 1103 impii
1024 1028 1054 1112 et
1074 1015 1130 1086 de·
1186 1033 1188 1038 '

148 1153 285 1220 mentes,
303 1161 409 1206 verum
425 1138 520 1204 etiam
535 1136 666 1204 aliorum
680 1135 846 1204 criminum
856 1133 1126 1219 reihabebautur;

150 1259 236 1349 quod
253 1261 371 1328 nemini
391 1260 505 1324 mirum
523 1256 699 1337 ridebitur,
716 1256 771 1346 qui
793 1253 1038 1326 Christianorum
1054 1269 1130 1328 tuuc

150 1379 299 1469 temporis
322 1379 455 1445 rationes
477 1377 676 1468 reputaverit.

198 1497 389 1580 Christiani,
422 1512 456 1564 ut
483 1499 587 1589 quiete
615 1499 717 1564 Deum
747 1519 836 1564 suum
861 1497 961 1564 colere
985 1511 1128 1592 possent,

149 1633 262 1700 noctu,
284 1621 317 1688 iu
331 1619 506 1710 longinquis
525 1619 601 1684 locis
620 1611 784 1685 convenire
803 1617 951 1686 solebant.
1000 1617 1052 1688 Ob
1069 1618 1132 1688 boc

151 1741 254 1831 ipsum
266 1791 276 1822 ,
315 1741 388 1830 quit
426 1739 501 1806 tales
531 1751 699 1804 conventus
728 1737 896 1804 seeundum
920 1740 1129 1826 Romanunm

150 1863 231 1954 leges
251 1861 354 1928 illiciti
370 1873 456 1927 erant
467 1861 534 1948 (1),
556 1858 724 1924 damnandi
742 1858 937 1928 videbantur.
967 1861 1131 1956 Praeterea

151 1981 297 2063 Ethuici,
319 1980 565 2049 Christianorum
582 1978 755 2046 doctrinam
773 1991 804 2045 et
816 1999 922 2046 ‘mores
939 1979 1129 2068 ignorantes,

152 2103 243 2168 facile
280 2125 369 2169 aures
405 2101 598 2192 praebebant
625 2100 822 2180 rumoribus,
855 2098 1024 2168 seeundum
1053 2124 1130 2190 quos

153 2221 323 2292 Christiani
342 2223 374 2288 in
392 2221 440 2288 his
460 2222 660 2288 concentibus
679 2221 764 2288 omni
781 2243 905 2288 morum
922 2219 1047 2290 libidini
1066 2244 1130 2292 sese

152 2342 226 2408 dare
259 2355 291 2408 et
318 2342 451 2407 infantes
479 2342 656 2408 interimere
682 2341 921 2431 perhiberentur
947 2341 1018 2430 (2);
1050 2363 1130 2432 quae

152 2477 184 2530 et
207 2463 321 2530 similia
345 2485 382 2528 eo
398 2463 522 2529 'facilius
547 2462 753 2532 ab.llthnicis
776 2438 1004 2543 eredebintur,
1034 2485 1146 2560 quum,

154 2582 345 2651 Christianos
362 2583 404 2650 de
423 2584 525 2650 'coenis
535 2633 546 2664 ,
571 2583 610 2650 de
628 2584 703 2652 Jesu
716 2577 842 2650 'Christi
863 2605 992 2672 corpore
1011 2596 1047 2652 et·
1061 2605 1130 2654 rau-

151 2703 246 2795 guine
264 2705 351 2795 loqui
371 2703 568 2774 audivissent.

195 2826 357 2892 Praeterea
378 2824 547 2892 Christiani
566 2825 646 2892 vitae
664 2824 808 2890 severiori
826 2823 938 2890 assueti
948 2873 957 2904 ,
982 2823 1023 2890 ab
1046 2825 1132 2892 omui

150 2971 224 3016 cum
251 2947 391 3014 hlthnicis
421 2945 630 3018 familiaritate
659 2945 773 3025 alieni,
808 2965 841 3012 se
867 2944 1000 3012 invicem
1025 2957 1132 3013 contra
1202 2967 1206 2976 ’

151 3067 257 3136 amore
285 3067 418 3158 amplexi
445 3066 664 3158 integerrimo,
694 3080 725 3134 et
754 3065 793 3132 de
819 3088 922 3158 regno
949 3063 1033 3132 haud
1061 3087 1159 3133 raro·-

152 3190 271 3268 aeaa,
295 3188 385 3254 faeta
407 3187 439 3252 an
459 3187 524 3254 aaa
543 3186 810 3277 geneciacum
829 3185 1032 3252 etmalorum
1052 3163 1132 3255 0011ss

152 3306 290 3377 ciliorum
312 3305 512 3400 politicorum
531 3308 735 3398 suspicionem
756 3304 947 3374 incidebant.
1065 3365 1069 3378 ,

199 3428 291 3500 llaud
323 3429 416 3519 pauci
452 3428 532 3494 inter
561 3426 709 3494 Ethnioos
737 3425 867 3516 quidem
894 3425 1132 3516 intelligebant,

151 3549 208 3618 bos
219 3549 258 3615 de
269 3547 451 3616 Christianis
470 3571 608 3616 rumores
625 3549 714 3616 falsos
732 3569 815 3630 essc3
831 3531 894 3615 non
910 3527 1014 3616 tanam
1025 3545 1133 3616 Chris-

151 3671 306 3737 tianornm
331 3667 426 3758 vitum
455 3693 527 3739 cum
560 3671 770 3737 Romanorum
788 3669 928 3739 moribus
946 3669 979 3734 in
998 3689 1132 3736 concor·
1222 3695 1224 3700 ·

152 3787 237 3856 diam
265 3789 406 3881 redigere
433 3805 597 3881 poterant;
630 3789 762 3858 undeet
783 3790 841 3872 hi',
865 3791 921 3858 etsi
942 3787 1133 3860 christianos

180 4082 219 4149 (l)
238 4085 381 4136 Kourrorr.
402 4087 419 4134 l.
440 4101 465 4135 c.
484 4101 542 4150 pag.
561 4086 623 4136 elo.
1022 4129 1025 4136 .

181 4168 221 4236 (2)
238 4169 313 4236 Apol.
335 4169 419 4222 1.a7.
441 4171 477 4222 11.
498 4169 539 4222 14.
560 4171 673 4235 inprimis
691 4169 803 4228 radoan,
823 4168 876 4220 l.c.
897 4167 942 4220 th.
964 4167 988 4216 l.
1006 4163 1078 4232 peu
1093 4182 1133 4231 aq.
