2978 5106
670 421 794 501 oe&

201 639 300 706 libros
327 635 395 712 illos
425 646 573 724 seponet3
609 645 641 700 at
668 655 762 715 vero,
787 645 903 723 quanto
929 635 1026 724 magis
1056 657 1179 703 sensum

200 758 406 828 manicarum
429 755 577 824 moralem
598 755 726 822 excitari
749 754 906 844 oportuit,
931 777 1047 845 eosque
1062 756 1095 822 in
1114 770 1179 824 stn-
1232 748 1235 756 ’

197 901 305 972 porem
331 877 420 968 quasi
442 877 532 967 rapi,
556 897 654 966 mum
670 875 704 942 hi
715 925 726 957 ,
746 873 786 940 ad
803 877 941 943 Deorum
959 875 1077 943 cultum
1098 901 1179 945 conv

198 1001 371 1080 venientes,
395 998 526 1065 externis
542 973 854 1068 uniee'adhacrerent
872 997 1179 1087 omnique-lasciviae
1260 1016 1262 1024 ’

199 1119 412 1211 indulgerent!

245 1238 433 1308 Christianos
449 1260 507 1304 nec
523 1237 555 1304 in
572 1237 621 1306 his
634 1237 854 1320 conventibus,
874 1260 933 1304 nec
951 1238 1026 1304 alias
1044 1238 1178 1329 promis-

156 1371 159 1380 '
198 1385 257 1430 cuo
274 1359 442 1428 concubitu
456 1360 599 1442 misceri,
617 1381 676 1426 nec
693 1360 808 1428 liberos
824 1382 860 1425 er
870 1373 997 1427 senatos
1007 1381 1178 1450 exponere,

195 1483 355 1562 Justinus,
376 1481 431 1572 qui
452 1478 641 1548 Christianos
656 1479 944 1548 castitatimarime
958 1479 1081 1548 studere
1100 1481 1179 1546 soie·
1266 1489 1267 1492 ’

170 1623 174 1631 ’
197 1606 273 1685 bat,
289 1604 388 1670 libere
402 1615 434 1668 et
443 1600 591 1668 laudabili
606 1623 695 1668 sensu
711 1599 821 1668 ductus
829 1649 840 1682 ,
857 1623 892 1667 er
902 1601 976 1691 ipsis
987 1600 1180 1668 Christiano·

197 1747 268 1792 rnm
287 1724 377 1790 bonis
394 1715 533 1788 moribus
550 1721 662 1811 probat
674 1711 750 1810 (1),
770 1722 887 1811 quippe
906 1721 961 1811 qui
979 1721 1092 1814 liberos
1111 1695 1181 1785 eam

196 1845 351 1935 imprimis
370 1842 411 1910 ob
430 1863 554 1908 eausam
572 1861 724 1932 exponere
746 1853 980 1920 aversarentur,
998 1863 1038 1906 ne
1056 1840 1180 1931 turpem

196 1965 289 2032 istum
318 1977 479 2054 quaestum
507 1961 740 2058 meretricium,
760 1959 902 2042 Ethnicis
920 1983 977 2027 usu
996 1973 1176 2051 receptum,

198 2085 337 2166 clarente
364 2097 418 2151 ant
435 2106 475 2149 ne
494 2083 607 2163 liberi,
631 2105 694 2148 non
714 2081 845 2162 sublati,
869 2081 1019 2172 perirent.
1053 2080 1181 2148 Etbnici

195 2205 251 2273 toli
287 2206 414 2272 oonsilio
451 2204 507 2292 (sic
540 2202 790 2293 indignabundus
819 2201 1034 2288 ratiocinatur)
1063 2202 1177 2269 liberos

196 2334 384 2435 procreent3
409 2323 534 2391 nonita
555 2322 747 2405 Christiani,
771 2323 827 2414 qui
845 2323 1079 2392 matrimonium
1099 2344 1178 2390 con·-

195 2445 342 2526 trabunt,
366 2458 402 2512 nt
421 2467 507 2513 suam
531 2444 652 2534 prolem
671 2443 798 2510 honeste
817 2443 996 2525 instituant;
1023 2456 1095 2524 aut,
1110 2465 1178 2540 ¹quo

195 2549 293 2656 magis
320 2565 453 2632 castitati
479 2563 641 2646 studeant,
668 2586 793 2654 prorsus
810 2588 830 2660 a
849 2565 1048 2632 matrimonio
1066 2587 1098 2631 se
1119 2565 1176 2632 ab·

196 2685 331 2754 atinent:
363 2683 424 2753 hoc
455 2709 517 2751 non
543 2707 621 2750 rane
648 2683 766 2751 dictum
794 2707 877 2767 esse,
905 2685 1045 2776 pluribus
1071 2707 1178 2751 erem-

194 2805 253 2897 plis
274 2805 480 2888 demonstrat,
505 2806 537 2872 in
561 2806 673 2897 quihus
692 2819 796 2872 tamen
819 2827 1042 2896 nonnunquam
1058 2805 1177 2874 tustini

193 2925 315 2992 animus
332 2925 372 2991 ad
390 2926 520 2992 nimiam
539 2927 733 2994 severitatem
752 2949 867 3017 pronus
886 2925 1142 3017 deprehenditur.

240 3044 518 3114 Criminationibus
543 3047 684 3115 refutatis
705 3049 765 3115 alia
783 3045 868 3114 haud
885 3049 988 3115 minus
1006 3047 1106 3140 gravis
1123 3071 1176 3116 ac·

192 3165 346 3250 cedebat,
379 3167 412 3232 in
438 3189 501 3256 qua
529 3167 735 3259 propulsanda
752 3142 892 3236 tustinus
919 3191 1024 3236 omnes
1044 3170 1122 3258 vires
1143 3185 1175 3237 et

191 3309 301 3354 nervos
315 3287 476 3355 intendere
495 3287 648 3372 debebat3
673 3289 838 3360 nimirum:
862 3288 1053 3358 Christianos
1073 3289 1106 3356 in
1126 3289 1175 3357 his

192 3408 393 3478 conventibus
419 3403 481 3476 neo'
490 3409 631 3501 politicis
657 3409 730 3478 duoi
749 3410 902 3492 consiliis,
927 3433 986 3477 nec
1004 3412 1085 3477 male
1103 3409 1173 3477 bn·

191 3530 279 3618 perio
303 3530 442 3598 Romano
464 3532 632 3603 consulere.

185 3653 189 3662 '
236 3649 377 3718 Justinus
395 3637 601 3735 Christianos,
618 3653 709 3721 rebus
729 3655 924 3722 terrestribus
943 3655 1092 3735 intentos,
1117 3653 1173 3720 ubi

190 3768 230 3836 da
246 3793 348 3859 rayno
364 3769 411 3860 (2)
431 3772 620 3863 loquuntur,
636 3797 697 3842 non
716 3775 904 3856 humanum,
924 3774 977 3842 sed
997 3775 1094 3842 multo
1112 3773 1173 3840 hoo

221 4080 262 4146 (Ι)
282 4041 359 4144 Apuli
378 4082 400 4130 1.
419 4080 463 4133 29.

220 4165 260 4232 (2)
279 4163 355 4231 Apol.
375 4166 396 4218 1.
420 4167 459 4220 ΙΙ.
