3010 5110
231 699 234 708 ⁴
380 683 656 754 nlssnnffllo
681 678 950 750 TllIlOLOGlGl

649 980 692 1030 DE

216 1198 449 1336 Jnsrrno
478 1244 752 1330 naurrnn
781 1243 1120 1328 anonccnra

328 1453 656 1546 ,anunnsns
685 1437 1009 1536 nrnurccsq
1085 1583 1087 1592 Ι

564 1855 783 1886 ψ

482 2133 832 2266 ‘lotoohurtic

252 2577 385 2686 Quodsi
405 2607 445 2675 ad
464 2608 667 2701 Theologioac
685 2608 867 2699 disciplinae
887 2608 1039 2674 ambitum
1059 2619 1163 2674 atten-

172 2727 254 2811 das,
278 2729 495 2820 lpologcticcs
509 2722 648 2796 studium
670 2729 1164 2818 rarissproptercausasmsguc·

178 2833 253 2940 perc
266 2872 331 2916 sese
344 2848 555 2948 comrnontlat.
581 2850 727 2935 Quamvis
738 2848 822 2914 enim
828 2847 923 2940 hacc,
937 2849 997 2916 rito
1002 2848 1145 2925 instituta
1152 2898 1163 2929 ,

182 2969 389 3038 cruditionem
418 2972 551 3062 requirit
579 2969 665 3038 haud
689 2971 846 3061 strigorem
875 2969 1066 3051 literarium,
1100 2941 1181 3036 his·¹

183 3091 330 3172 loricam,
360 3091 600 3184 philosopham,
635 3093 774 3160 animum
799 3091 933 3182 donique
951 3089 1113 3158 liberalem
1134 3104 1166 3158 ct
1280 3153 1282 3160 χ

178 3233 198 3275 a
225 3211 445 3301 praejudicatis
468 3211 667 3302 opinionibus
682 3191 837 3294 voculam,
862 3211 989 3301 (utalia
1009 3224 1128 3280 taceam
1138 3213 1162 3302 ,l

176 3344 210 3397 ct
224 3330 284 3398 hoc
301 3333 428 3400 nomine
444 3333 581 3401 Jurcncs
600 3333 665 3400 fere
683 3333 855 3414 absterret3
882 3346 986 3398 tauron
1006 3334 1059 3400 sui
1078 3333 1161 3424 ipsa,
1301 3341 1304 3350 “

33 3520 38 3529 ,
176 3473 273 3542 qnam
300 3453 409 3535 affert,
440 3455 586 3522 suavitate
611 3467 643 3554 ct
661 3454 795 3521 utilitato
814 3453 971 3520 neminem
989 3477 1052 3520 non
1071 3453 1112 3520 ad
1132 3477 1164 3520 sc

177 3571 275 3638 allicit
301 3585 395 3664 atquo
417 3589 517 3644 vocat.
565 3575 620 3642 Est
640 3575 724 3640 enirn
743 3597 779 3642 cu
799 3575 984 3666 disciplina,
1009 3597 1090 3666 quae
1101 3623 1112 3654 ,
1136 3574 1163 3640 si

176 3715 213 3759 cx
241 3693 315 3783 ipsis
342 3694 479 3763 fontibus
510 3699 604 3786 (quac
631 3710 676 3764 cst
704 3670 766 3763 nna
794 3709 878 3764 recta
903 3699 968 3787 ejus
985 3692 1164 3774 tractandae
1189 3687 1191 3693 ⁴

178 3815 270 3904 ratio)
297 3813 479 3898 hauriatur,
509 3816 682 3885 doctrinam
693 3817 844 3910 adaugeat
856 3842 866 3902 ;
885 3819 1044 3910 ingenium
1054 3829 1163 3897 acuat,

179 3931 275 3999 lidcm
288 3933 432 4026 ¹deniquo
441 3947 577 4004 nostram
597 3939 783 4022 confirmet,
803 3952 834 4005 ct
844 3937 1015 4028 Religionis
1033 3936 1167 4004 sanctis·

177 4053 273 4121 simae
296 4078 434 4123 amoram
459 4057 600 4150 inspiret.
631 4060 688 4129 Uti
709 4060 852 4128 universo
870 4057 1168 4150 Apologeticesstn·

177 4173 288 4259 dinnr,
317 4180 508 4270 pragmatico
536 4181 737 4264 institutum,
760 4203 822 4250 non
843 4192 945 4272 potest
962 4201 1025 4249 non
1044 4179 1167 4248 uberri-

1038 4307 1053 4367 1
