3010 5110
622 445 695 506 '29

186 649 326 722 vinorum
356 655 387 709 et
416 639 632 708 sublimiorum
661 617 874 731 supprimere,
908 642 1012 709 animo
1038 645 1161 733 penitus

119 851 124 862 Ι
186 766 338 856 expellere
360 785 421 829 non
445 763 549 830 salet·
630 743 636 754 ⁸

229 885 402 976 Imperium
430 884 604 950 Romanum
633 881 725 948 variis
749 882 946 971 premebatur
970 883 1157 951 calamitati-

184 1008 264 1087 bus3
300 985 358 1096 ipsi
384 1004 532 1095 gentiles,
566 1025 654 1072 sensu
686 1003 795 1068 morali
824 1001 1005 1092 evigilante,
1037 1023 1160 1070 morum

183 1127 366 1216 pravitatem
404 1124 625 1206 fastidiebant3
668 1121 886 1214 Philosophi,
911 1145 1002 1212 supra
1035 1137 1160 1213 captum

182 1246 304 1336 plebis,
324 1259 358 1312 ut
372 1245 543 1326 Platonici,
563 1245 611 1310 vel
628 1257 734 1311 contra
751 1256 892 1310 naturam
912 1243 1099 1325 humanam,
1125 1257 1158 1311 ut

183 1367 303 1447 Stoici,
337 1365 550 1457 philosophari
576 1365 680 1444 soliti,
714 1385 823 1455 purum
852 1364 889 1430 iia
913 1345 1078 1454 proderant
1102 1385 1160 1431 nec

181 1487 358 1577 placebant.
406 1487 558 1576 Tempora
587 1484 794 1574 respiciebant
822 1484 1017 1574 antiquiora,
1048 1485 1160 1576 quibus

182 1605 344 1690 bomines,
368 1606 502 1696 religiosi
521 1606 658 1672 Deorum
676 1605 807 1671 cultores
824 1617 854 1671 et
869 1604 983 1685 amici,
1007 1607 1160 1695 prosperis

182 1728 275 1794 rebus
297 1727 346 1793 usi
372 1739 480 1808 erant;
515 1725 590 1791 hinc
617 1724 657 1790 ad
676 1725 792 1792 avitum
811 1727 948 1792 Deorum
966 1727 1083 1792 cultum
1103 1749 1158 1792 re-

181 1847 262 1913 versi
281 1867 415 1936 eumque
433 1858 497 1912 toto
517 1845 621 1912 animo
639 1845 775 1944 amplexi
791 1857 888 1914 eraut.
936 1845 1160 1934 Polytbeismus

184 1991 219 2033 er
235 1963 304 2034 'suu
328 1968 424 2058 ipsius
451 1965 554 2033 indole
572 1989 633 2033 non
652 1955 773 2056 poterat
789 1988 851 2031 non
871 1966 957 2054 plebi
974 1965 1046 2032 rudi
1056 2015 1066 2047 ,
1091 1989 1160 2033 sen·

183 2087 268 2154 sibus
293 2099 326 2153 et
350 2085 665 2177 phantasiaduoue,
689 2107 782 2176 mam
805 2085 937 2150 maxime
962 2107 1026 2152 esse
1044 2093 1159 2175 galus.

184 2207 264 2274 Nam
290 2206 364 2272 licet
390 2206 480 2272 unius
507 2205 645 2272 infinitae
673 2205 812 2271 omnium
831 2227 939 2272 causae
957 2204 1034 2272 fides
1052 2205 1159 2272 bomi-

182 2349 259 2393 num
287 2339 413 2393 naturac
441 2327 545 2393 binata
572 2327 633 2407 sit,
657 2327 752 2392 rudes
774 2339 877 2392 tamen
896 2349 933 2392 eo
952 2348 1015 2392 sese
1030 2327 1160 2394 evehere

182 2459 358 2536 nequeunt3
392 2469 470 2513 unus
495 2445 577 2513 Deus
607 2446 667 2513 hoe
692 2469 816 2536 quoque
834 2459 973 2536 tempore
991 2459 1057 2512 erat
1076 2447 1159 2513 Deus

184 2567 368 2658 sapientum.
416 2567 659 2657 Polytbeismum
682 2581 840 2658 praeterea
856 2589 918 2634 non
935 2579 1054 2634 tantum
1073 2589 1158 2634 cras-

184 2709 273 2769 sum,
296 2710 402 2754 rerum
430 2701 461 2756 et
488 2687 687 2756 subtiliorem·
706 2700 862 2757 noverant.
910 2688 963 2755 liii
981 2687 1086 2754 multis
1105 2685 1172 2753 di-.

181 2808 261 2875 uinis
278 2807 435 2876 attributis
452 2821 539 2874 erant
557 2807 710 2898 insignes;
735 2810 821 2873 metu
840 2819 871 2874 et
890 2829 1010 2874 sensum
1030 2808 1159 2900 religio·
1186 2865 1189 2873 r
1257 2869 1260 2875 .

182 2951 250 2996 snm
274 2923 415 3020 explendi
445 2928 596 2997 desiderio
628 2927 718 2996 facile
741 2951 793 2995 eos
818 2928 1009 3018 recipiebant
1030 2941 1061 2996 et
1078 2929 1161 2996 cole·

183 3049 270 3118 bant.
317 3048 420 3118 Sacris
450 3047 584 3139 deniqne
612 3039 768 3140 antiquis,
801 3073 863 3140 quo
885 3049 982 3140 magis
1000 3041 1160 3140 antiquam

183 3191 269 3235 suam
292 3169 356 3235 rim
383 3169 577 3260 reciperent,
608 3169 770 3260 peregrina
801 3169 906 3235 additu
929 3181 1038 3252 erant,
1061 3191 1159 3260 eaque

182 3288 336 3377 mysteriis
358 3291 471 3380 plena,
495 3311 575 3380 qrrao
596 3289 728 3354 mamme
750 3289 928 3356 arridebant
951 3290 1010 3378 (1).
1119 3339 1122 3348 a

230 3409 319 3477 Plebs
344 3433 406 3478 non
433 3423 553 3478 tanturn
582 3409 622 3476 ad
649 3410 762 3477 arbam
792 3410 972 3501 religionem
1001 3411 1157 3492 redierat,

182 3551 289 3597 rernm
326 3530 387 3622 ipsi
422 3553 546 3624 quoque
573 3530 753 3622 Philosophi
778 3531 908 3598 eandem
937 3545 1059 3600 strenue
1084 3531 1158 3608 rin·

184 3647 342 3721 dicabant.
421 3667 426 3678 ·

231 3767 375 3840 Gemitur
407 3771 468 3840 hoc
498 3785 638 3864 tempore
676 3773 708 3840 in
744 3773 979 3868 quamplurimis
1016 3771 1157 3862 philoso-

194 3968 536 3980 ..ψ-α--ι-μ-

213 4070 253 4138 (1)
271 4071 404 4132 urrann,
433 4069 551 4133 lbani,
580 4070 690 4124 lbbtb.
714 4087 771 4140 pag.
793 4067 868 4128 t-tr.
905 4070 1073 4132 Taenarum,
1101 4069 1162 4122 rotz

180 4155 225 4206 dea
243 4153 451 4220 Metellum,
469 4171 527 4224 pag.
548 4154 597 4206 120
614 4170 671 4221 sqq.
