2978 5106
437 634 520 702 Ilum
531 629 773 700 Christianorum
791 627 904 718 placita
924 630 1066 719 exponit,
1087 652 1184 721 eaque
1205 653 1277 698 oum
1294 633 1363 724 phi-

390 751 737 846 losophorumdootrino
754 749 890 829 confert,
910 749 969 816 hoo
988 749 1198 818 demonstrare
1215 767 1360 836 conatur3
1462 785 1463 796 r

391 873 502 942 acerbe
510 873 601 940 simul
615 872 761 938 continuo
770 893 897 961 carpens
907 883 938 938 et
947 870 1084 938 ludibrio
1095 893 1246 962 exponens
1262 872 1362 963 philo·

390 993 517 1085 sophos,
534 992 676 1083 inprimis
695 990 838 1086 Stoicos„
861 990 915 1058 sio
933 989 1042 1058 irridet
1058 1013 1128 1072 eos,
1148 990 1365 1083 quiGhristia·

388 1135 500 1181 norum
517 1112 639 1203 plaoitis
649 1111 815 1192 contrarii,
833 1133 881 1178 res
898 1112 931 1178 in
949 1109 1082 1178 nihilum
1100 1112 1187 1179 abire
1206 1111 1363 1196 dicerent,
1463 1107 1464 1118 ¹

390 1255 504 1327 poenas
523 1246 659 1300 aeternas
677 1246 842 1323 negarent,
861 1245 893 1299 et
911 1231 1034 1302 similia.
1058 1232 1158 1300 Simul
1166 1235 1281 1300 merito
1291 1257 1364 1325 pro-

389 1354 465 1422 bans
475 1405 486 1437 ,
510 1351 756 1422 Christianorum
774 1352 887 1444 placito
906 1350 945 1418 ad
963 1352 1111 1442 pietatem
1132 1351 1275 1420 alen'dom
1294 1354 1363 1445 phi·

388 1471 524 1565 losophis
551 1473 641 1563 longe
666 1473 868 1564 praecellere;
906 1473 1032 1562 injustos
1061 1493 1124 1540 esse
1143 1469 1291 1570 judiees,
1313 1477 1364 1564 qui

390 1595 465 1662 talia
507 1592 687 1684 profitentes
718 1605 995 1684 persequerentur,
1029 1592 1093 1660 imo
1123 1593 1250 1676 stultos,
1284 1594 1363 1684 quod
1465 1569 1466 1576 ἵ

390 1713 519 1780 meliert
536 1710 695 1794 sidentes,
719 1734 755 1778 ea
772 1710 856 1778 haud
876 1711 1041 1803 probarent
1061 1734 1119 1778 neo
1141 1725 1352 1802 sequerentur.
1466 1799 1467 1814 χ

433 1833 575 1902 Justinus
585 1832 645 1902 hoo
656 1846 888 1925 argumentum,
905 1833 1043 1922 expositu
1053 1833 1126 1900 licet
1137 1831 1360 1923 dignissimum,

390 1953 488 2021 animi
516 1951 643 2044 quidem
668 1951 798 2035 ardore,
826 1953 928 2020 minus
946 1973 1018 2020 vero
1037 1937 1191 2020 subtiliter
1209 1977 1268 2022 neo
1282 1957 1361 2045 justo

390 2085 640 2166 argumentorum
662 2071 799 2163 pondere
822 2069 1021 2142 demonstrat.

435 2195 516 2263 utra
540 2193 658 2274 ntra,
680 2191 765 2282 quoa
787 2204 817 2260 a
836 2193 870 2258 tn
890 2173 1083 2284 theophilo,
1110 2192 1270 2262 eramento
1289 2195 1363 2263 m-

390 2313 538 2382 xandrino
567 2326 599 2379 et
634 2311 768 2403 Origene
795 2312 1072 2395 animadvertitur,
1105 2315 1310 2382 rationalismi
1335 2328 1363 2382 et

391 2419 673 2528 supematnrolismi
692 2447 799 2526 regnat
817 2433 970 2502 confusio.
991 2434 1131 2502 lustinus
1148 2457 1211 2501 non
1230 2457 1268 2502 eo
1287 2448 1363 2502 tem·

391 2579 467 2650 pore
502 2555 646 2636 virebat,
687 2578 749 2646 quo
776 2552 836 2623 hoo
862 2567 1078 2644 argumentum
1107 2553 1200 2645 digne
1226 2567 1258 2622 et
1284 2557 1364 2646 juste

389 2689 573 2769 exponeret,
597 2675 657 2742 hoo
680 2675 801 2742 serioris
820 2675 888 2740 aeri
911 2673 1042 2763 ingeniis
1061 2687 1260 2744 reservatum.
1308 2677 1364 2744 llx-
1469 2671 1470 2678 '

391 2797 560 2866 eusandum
583 2810 686 2864 tamen
705 2796 863 2864 lustinum
882 2795 1076 2886 putaverim,
1096 2795 1169 2886 quio
1188 2796 1363 2888 Philosophi

393 2916 563 2985 Christiani
580 2937 684 2984 omnes
710 2916 770 2982 hoo
797 2929 957 3006 ternpore,
979 2915 1011 2980 in
1038 2937 1185 3006 magnum
1213 2918 1261 2982 rei
1292 2915 1362 2988 chr.

381 3037 626 3122 detrimentum,
636 3034 847 3126 philosophari
856 3035 1077 3115 solebant,ubi
1086 3049 1152 3118 erut
1161 3035 1360 3120 eredendum

392 3159 469 3250 quin
487 3171 593 3249 postea
611 3156 791 3224 omnesfere
810 3155 940 3224 Scholao
951 3155 1174 3224 Alexandrinae
1190 3157 1363 3248 philosophi

391 3302 429 3347 eo
457 3280 645 3368 cogebantur
674 3278 758 3368 quasi
769 3327 779 3359 ,
800 3301 897 3368 quum
916 3276 1114 3344 Alexandrini
1134 3277 1312 3368 philosophi
1331 3301 1362 3345 er

391 3399 602 3490 Pythagorae,
625 3400 782 3480 Platonis,
807 3399 999 3479 Aristotelis,
1017 3399 1210 3489 aliorumque
1227 3399 1363 3466 doctrina

391 3543 502 3590 noram
520 3519 759 3611 philosophandi
776 3520 927 3586 rationem
946 3519 1127 3587 conflassent
1144 3520 1204 3609 (1).

437 3613 720 3730 Quomoduonnque
747 3639 886 3706 tustinus
899 3675 902 3692 ι
917 3638 976 3706 hoo
1003 3653 1217 3730 argumentum
1250 3663 1286 3706 ex
1320 3641 1361 3708 sui

311 3831 316 3842 ,
391 3761 457 3827 aeri
487 3757 590 3826 indole
618 3759 809 3849 exposuerit,
833 3772 915 3826 uerte
937 3757 1125 3828 Christianos
1142 3761 1183 3854 oh
1202 3761 1362 3852 professio·

421 4049 460 4116 (l)
479 4049 540 4102 Vide
565 4065 631 4114 quae
655 4051 754 4100 monuit
777 4052 814 4100 cl.
842 4067 963 4102 uorsrxnx
991 4070 1021 4103 nx
1048 4053 1215 4113 eroon-lle
1241 4052 1368 4108 Clemente

388 4135 569 4186 Alexandrino
588 4134 766 4200 Philosopho,
786 4151 843 4202 pag.
862 4136 954 4186 22-23.
