2978 5106
638 495 696 562 101

171 692 275 761 eidem
293 693 350 760 ttnt
369 693 552 774 insertione,
573 693 694 783 gratius
712 688 771 783 ipsi
788 703 833 759 est
853 707 1068 784 argumentum
1081 695 1152 784 (1),

164 815 259 895 illos,
279 813 335 904 qui
355 811 545 880 Christianos
563 813 718 904 persecuti
739 826 838 880 essent
849 861 859 894 ,
888 835 950 879 una
975 837 1047 880 cum
1066 816 1153 882 liae·

172 934 317 1000 mosibus
348 933 390 999 ad
419 933 517 999 inem
543 931 656 998 mundi
682 935 753 1024 igne
782 947 979 1001 consumtum
1009 935 1068 1006 iri:
1104 936 1153 1002 his

171 1055 382 1122 Daemonibus
410 1055 511 1128 Deum
535 1053 574 1119 ad
602 1055 679 1120 illud
710 1079 807 1146 usquc
823 1069 944 1146 tempus
964 1054 1154 1126 Christianos

56 1185 60 1194 '
173 1192 281 1240 texere
299 1170 485 1263 permisisse.
519 1173 587 1240 Hoc
604 1189 818 1265 argumentum
840 1176 971 1240 maxime
991 1190 1096 1266 urget,
1118 1199 1154 1241 ex

172 1313 235 1384 quo
253 1294 345 1360 simul
364 1292 553 1361 Christianos
572 1297 656 1361 omni
675 1296 861 1362 fanaticismi
882 1296 1054 1386 suspicione
1074 1297 1155 1364 libe·
1248 1345 1252 1356 .

174 1426 255 1480 ratos
276 1414 386 1504 cupit3
420 1413 537 1504 quippe
566 1417 643 1506 qui,
675 1415 715 1482 de
738 1415 828 1506 hujus
851 1415 1006 1482 vindicino
1024 1418 1154 1484 veritate

171 1533 331 1625 persuasi,
358 1547 566 1624 persecutores
591 1557 631 1600 ne
649 1535 740 1603 flocci
757 1534 886 1626 quidem
908 1534 1097 1626 penderent,
1123 1551 1155 1604 et

170 1668 306 1723 mortem
324 1655 521 1746 professionis
534 1677 628 1722 causa
646 1669 795 1747 oppetere
812 1677 872 1722 non
893 1655 1071 1724 dubitarent
1093 1658 1156 1746 (2).

220 1777 288 1862 Quo
307 1777 406 1865 magis
423 1791 496 1842 vero
511 1769 660 1844 lithnicos
679 1775 717 1841 de
736 1773 982 1842 Christianorum
1003 1777 1155 1844 innocen-

173 1896 217 1962 tit
231 1881 426 1976 conuocat,
456 1917 626 1986 eorumque
650 1895 805 1986 religionis
826 1895 916 1962 simul
936 1897 1156 1986 praestantiam

173 2017 303 2107 probet,
323 2033 385 2084 nort
404 2018 476 2084 satis
495 2005 583 2083 ducit
608 2015 795 2084 Christianos
816 2015 970 2084 dictorum
990 2018 1156 2084 criminum
1268 2089 1271 2093 ,

173 2136 321 2204 innocuos
340 2138 582 2224 esseerincere,
611 2159 718 2204 rerum
744 2137 838 2204 ortam
857 2159 908 2204 eos
926 2136 1052 2202 laudare
1072 2151 1103 2205 et
1122 2139 1155 2204 in

173 2258 366 2347 exemplum,
389 2258 474 2348 quod
500 2281 604 2326 omues
621 2259 802 2338 imitentur,
826 2281 1016 2349 proponere3
1038 2281 1157 2325 summo

174 2379 271 2446 animi
300 2379 409 2446 ardore
434 2401 485 2470 eos
515 2381 648 2472 optimos
672 2403 736 2470 esse
768 2379 908 2446 homines
933 2393 964 2446 et
982 2379 1063 2444 cites
1084 2401 1157 2468 pro·

176 2500 272 2582 bans,
297 2523 450 2591 exponens
475 2515 507 2569 et
534 2501 679 2592 exemplis
704 2521 924 2590 nonnunquam
952 2499 1157 2588 comprobans

174 2622 238 2688 rim
256 2623 439 2704 mirificam,
460 2645 553 2713 quam
568 2627 656 2690 θείου
669 2625 761 2705 λόγου
779 2621 920 2688 doctrina
940 2622 973 2686 in
992 2619 1155 2686 hominum

175 2741 292 2810 animos
301 2743 452 2810 habuerat
461 2791 471 2824 ,
488 2765 643 2834 quamque
653 2743 800 2834 majorem
816 2743 953 2809 futuram
968 2741 1061 2808 fuisse
1076 2763 1155 2806 con-

174 2861 293 2942 tendit,
309 2865 334 2929 si
353 2865 525 2932 Daemones
541 2883 606 2932 sese
625 2866 654 2930 ei
670 2887 731 2931 non
747 2863 957 2954 opposuissem
968 2861 1029 2950 (3).
1063 2861 1155 2928 Hunc

175 2984 208 3048 in
218 2981 315 3050 tinem
331 2987 484 3076 egregiam
500 2999 532 3052 et
548 2987 725 3053 mirabilem
739 3007 862 3065 morum
878 2983 1082 3076 mutationem
1099 3005 1156 3072 pro

173 3107 313 3197 exemplo
330 3104 475 3197 offert(4)
487 3157 499 3188 -,
518 3127 599 3198 quae
618 3108 650 3172 iri
669 3107 776 3172 multis
793 3105 998 3182 cernebatur,
1018 3103 1073 3192 qui
1086 3105 1156 3192 jam

172 3228 417 3318 temperantiae,
444 3227 600 3309 castitati,
626 3225 835 3306 constantiae,
861 3222 1030 3315 patientiae
1049 3223 1168 3289 amnt·

173 3367 236 3438 que
262 3348 384 3416 virtutis
412 3349 518 3440 generi
538 3347 715 3429 studentes,
740 3347 879 3413 omnium
897 3367 1003 3411 amore
1022 3356 1054 3410 et
1072 3343 1165 3444 exis-¹

171 3468 333 3535 timetione
371 3468 478 3560 dignos
512 3489 577 3536 sese
603 3481 816 3560 praestarent3
852 3466 969 3556 quique
995 3475 1156 3555 praeterea

172 3587 286 3677 optimi
310 3589 391 3656 cives
418 3609 577 3681 nunquam
605 3591 722 3657 tributa
740 3585 876 3680 pendere
895 3585 1155 3664 intermitterent,

171 3703 247 3776 laeti
261 3709 508 3800 Imperatoribus
526 3711 692 3794 servirent,
712 3731 770 3802 pro
788 3708 899 3777 iisdem
916 3707 1019 3776 omnia
1037 3703 1119 3772 bona
1138 3729 1156 3772 a

194 3871 531 3892 ffl—

206 3961 248 4030 (l)
266 3962 342 4030 Apol.
364 3965 400 4014 tt.
430 3965 453 4023 l,
476 3964 502 4016 7.

203 4045 245 4112 (2)
263 4045 340 4112 Apot.
359 4048 382 4100 1.
401 4049 445 4098 39.

205 4129 246 4196 (3)
265 4131 341 4195 Apol.
360 4131 382 4183 l.
406 4133 445 4182 tu.

206 4212 246 4280 (4)
264 4213 340 4282 Apol.
361 4217 382 4267 l.
405 4217 452 4278 10,
476 4215 525 4278 tt,
549 4215 596 4278 li,
616 4218 661 4272 ³9·
