3010 5110
642 445 682 510 25

170 631 209 698 eb
236 629 333 697 nitere
359 627 478 718 sejungi
505 638 616 717 potest.
665 626 715 694 td
742 627 820 694 hoec
838 629 897 696 trio
919 632 1021 723 cupita
1042 627 1145 702 omnio

170 751 311 840 relique,
335 769 416 838 quse
433 745 604 816 defensioni
627 760 659 813 et
677 748 938 817 commendationi
956 753 1145 834 inserviunt,

168 880 349 960 arguments
383 867 474 934 fseiie
509 866 619 934 referri
630 919 635 930 ,,
653 881 791 957 possunt.
848 869 939 936 Huud
977 871 1148 940 diffitemur

168 989 251 1056 beno
271 988 449 1056 divisionem
469 1011 536 1056 suus
556 986 673 1054 hebere
691 986 906 1072 difficultates,
930 992 984 1058 sed
1001 1007 1071 1083 post
1089 1017 1146 1060 eo·

166 1121 306 1178 curetum
330 1107 569 1197 explorationem
596 1110 736 1174 omnium
754 1110 872 1199 optime
888 1112 978 1178 nobis
991 1115 1057 1180 *riso
1076 1128 1143 1194 est,

165 1231 228 1320 qui
247 1241 279 1296 et
296 1228 412 1295 Justini
423 1251 509 1294 mens
520 1228 638 1318 optime
647 1231 887 1321 exprimeretur,
903 1245 934 1299 et
945 1247 1144 1324 arguments,
1257 1239 1266 1250 '

164 1371 244 1440 quoe
261 1349 370 1430 effert,
395 1361 468 1439 opto
479 1345 597 1416 ordine
616 1348 860 1441 disponerentur.
882 1391 928 1403 —
946 1353 991 1419 Er
1007 1353 1142 1436 horum,

165 1492 245 1558 quae
269 1469 487 1549 exhibuimus,
511 1470 648 1560 cupitum
666 1485 846 1562 argumento
857 1521 868 1554 ,
890 1493 987 1542 nemo·
1001 1497 1062 1540 non
1074 1477 1143 1564 jem

163 1589 336 1678 intelliget,
359 1587 518 1658 Justiunm
536 1611 572 1654 er
591 1589 637 1658 sni
654 1590 721 1656 aeri
740 1591 843 1660 indole
861 1591 1050 1683 Apolopetue
1067 1616 1143 1660 mu-

161 1733 236 1778 nere
261 1709 358 1799 fungi.
407 1713 596 1797 Argumenta
618 1711 712 1779 ‚affert
740 1733 798 1800 pro
823 1710 1067 1780 Christianorum
1094 1715 1143 1782 sui

161 1831 310 1921 temporis
330 1843 361 1898 et
379 1828 622 1899 adversariorum
639 1832 779 1910 rufinum
801 1854 859 1898 neo
876 1854 938 1900 non
957 1857 1014 1924 pro
1029 1836 1076 1901 sui
1091 1835 1141 1926 ip-

160 1952 222 2020 sius
233 1951 375 2041 ingenio,
392 1949 488 2016 enimi
505 1949 626 2030 indole,
642 1950 835 2018 institutione
846 1965 906 2020 oet.
919 1954 1156 2044 exspectandap

161 2093 241 2161 quse
269 2069 398 2161 quidem
426 2069 555 2136 minime
583 2069 786 2160 negligenda,
821 2084 856 2138 ut
886 2093 984 2161 neque
1009 2085 1041 2140 et
1054 2075 1140 2164 juste

43 2193 47 2202 '
160 2188 201 2258 de
229 2191 352 2260 Justino
370 2191 550 2258 instituetur
572 2211 712 2259 censure.
760 2190 895 2258 Diversis
915 2192 998 2258 enim
1017 2205 1139 2283 tempo-

158 2311 247 2378 ribus
266 2310 379 2378 diuersi
397 2286 640 2380 existere'solent
659 2313 858 2402 Apologetee.
890 2312 1138 2396 Variebtbniei‚

158 2415 1137 2514 Judsoi,Mnbommedani,Deiotae,Neturolistre,oliiGhris·

159 2553 336 2620 tienismum
357 2552 484 2646 aggredi
500 2553 609 2622 solent.
643 2553 727 2620 Hirro
743 2552 828 2630 eliud
846 2552 923 2644 quid
938 2567 1033 2644 egunt
1052 2555 1139 2644 Apo·

157 2675 298 2766 lopetee,
331 2675 387 2765 qui
414 2674 514 2742 tribus
539 2674 696 2764 prioribus
723 2674 831 2744 seculis
858 2674 1018 2744 vixerunt:
1049 2675 1138 2742 eliud
1188 2665 1191 2672 ¹

157 2796 213 2886 qui
240 2795 346 2862 medio
365 2817 459 2865 roro:
485 2793 571 2862 uliud
596 2793 752 2884 denique,
782 2795 837 2884 qui
860 2794 1033 2862 subsecuti
1053 2813 1135 2864 xvnr

156 2915 302 2997 initium,
329 2929 360 2984 et
378 2929 447 3007 post
466 2915 561 2984 seouli
580 2934 661 2982 xum
686 2913 825 2982 modium
842 2937 908 2984 rem
929 2914 1137 2984 Christianum

155 3036 237 3102 tueri
254 3037 396 3126 eupiunt.
444 3037 654 3126 Temporum,
674 3058 753 3124 qtue
770 3036 899 3117 vivunt,
916 3037 1026 3126 singuli
1043 3037 1135 3128 inpe-

153 3157 242 3228 uium
271 3158 431 3240 referuut3
460 3180 497 3224 er
525 3179 599 3226 sero
628 3154 816 3225 defendendi
842 3169 874 3222 et
896 3155 1135 3224 commendandi

151 3276 233 3344 ratio
251 3277 452 3368 intelligenda
470 3291 501 3346 et
519 3276 716 3367 dijudicando
736 3275 984 3345 est.-Utboeo
994 3277 1135 3346 universe

151 3395 276 3476 solent,
292 3397 336 3464 ite
352 3419 476 3488 quoque
494 3396 533 3464 de
550 3399 572 3466 J
575 3398 696 3479 ustino;
716 3396 805 3473 bine,
827 3395 853 3462 si
872 3396 941 3486 quis
956 3396 1056 3467 forsan
1072 3398 1133 3464 ulio

151 3529 332 3605 argumente
344 3565 354 3598 ,
378 3539 458 3609 quse
474 3517 639 3587 maximam
658 3531 780 3608 purtem
804 3515 888 3608 apud
917 3536 1024 3584 omues
1047 3521 1133 3607 Apo·

148 3634 264 3724 legeres
291 3637 402 3704 seculis
425 3637 524 3704 tribus
555 3637 710 3727 prioribus
733 3636 823 3704 obvie
845 3650 915 3705 sunt
927 3685 937 3716 ,
972 3634 1132 3704 desideru-

148 3755 226 3822 rerit
237 3805 247 3836 ‚
280 3755 306 3824 is
334 3779 391 3824 neo
408 3756 544 3840 tustini,
570 3780 628 3824 neo
647 3779 776 3838 eorum,
799 3758 983 3848 quibuscum
1003 3755 1062 3846 ipsi
1081 3777 1131 3824 res
1160 3805 1165 3812 -

89 3951 95 3962 ,
146 3887 232 3955 eret,
251 3889 387 3944 mentem
409 3899 613 3967 cognoscens,
633 3876 752 3967 aliquid
773 3875 948 3956 desideret,
968 3871 1052 3965 quod
1072 3897 1129 3941 ex-

144 3996 279 4085 speeturi
299 3999 431 4090 nequit,
457 4012 487 4065 et
506 3999 618 4065 eximie
637 3999 768 4080 dubito,
791 4019 867 4065 num
885 3998 945 4064 elio
966 4017 1130 4088 argumen-

149 4128 202 4196 ts,
228 4140 307 4208 quse
335 4118 502 4188 hodiernus
532 4121 700 4212 Apologeto
731 4121 833 4186 forsan
855 4139 1021 4210 suggerere
1042 4118 1139 4200 velit,
