<?xml version="1.0" encoding="UTF-8"?>
<!DOCTYPE html PUBLIC "-//W3C//DTD XHTML 1.0 Transitional//EN"
    "http://www.w3.org/TR/xhtml1/DTD/xhtml1-transitional.dtd">
<html xmlns="http://www.w3.org/1999/xhtml" xml:lang="en" lang="en">
 <head>
  <title>
</title>
<meta http-equiv="Content-Type" content="text/html;charset=utf-8" />
  <meta name='ocr-system' content='tesseract 3.04.00' />
  <meta name='ocr-capabilities' content='ocr_page ocr_carea ocr_par ocr_line ocrx_word'/>
</head>
<body>
  <div class='ocr_page' id='page_1' title='image "./dejustinomartyr00junigoog_0091.png"; bbox 0 0 2978 5106; ppageno 0'>
   <div class='ocr_carea' id='block_1_1' title="bbox 631 403 671 466">
    <p class='ocr_par' dir='ltr' id='par_1_1' title="bbox 631 403 671 466">
     <span class='ocr_line' id='line_1_1' title="bbox 631 403 671 466; baseline 0.05 -2"><span class='ocrx_word' id='word_1_1' title='bbox 631 403 671 466; x_wconf 85' lang='lat' dir='ltr'>tt</span> 
     </span>
    </p>
   </div>
   <div class='ocr_carea' id='block_1_2' title="bbox 152 598 1229 3830">
    <p class='ocr_par' dir='ltr' id='par_1_2' title="bbox 154 598 1229 2985">
     <span class='ocr_line' id='line_1_2' title="bbox 165 598 1142 693; baseline 0.004 -27"><span class='ocrx_word' id='word_1_2' title='bbox 165 598 291 692; x_wconf 82' lang='lat' dir='ltr'>propriu</span> <span class='ocrx_word' id='word_1_3' title='bbox 309 599 514 690; x_wconf 66' lang='lat' dir='ltr'>Imposuerit,</span> <span class='ocrx_word' id='word_1_4' title='bbox 544 598 688 670; x_wconf 80' lang='lat' dir='ltr'>vaticinia</span> <span class='ocrx_word' id='word_1_5' title='bbox 710 598 848 664; x_wconf 84' lang='lat' dir='ltr'>omniunt</span> <span class='ocrx_word' id='word_1_6' title='bbox 869 601 1007 690; x_wconf 87' lang='lat' dir='ltr'>primunt</span> <span class='ocrx_word' id='word_1_7' title='bbox 1020 661 1022 670; x_wconf 81' lang='grc'>,</span> <span class='ocrx_word' id='word_1_8' title='bbox 1035 603 1068 668; x_wconf 85' lang='lat' dir='ltr'>in</span> <span class='ocrx_word' id='word_1_9' title='bbox 1088 627 1142 693; x_wconf 57' lang='lat' dir='ltr'>sy*</span> 
     </span>
     <span class='ocr_line' id='line_1_3' title="bbox 166 717 1143 812; baseline 0.003 -25"><span class='ocrx_word' id='word_1_10' title='bbox 166 735 261 788; x_wconf 75' lang='lat' dir='ltr'>stsna</span> <span class='ocrx_word' id='word_1_11' title='bbox 289 719 447 810; x_wconf 78' lang='lat' dir='ltr'><strong>quoddam</strong></span> <span class='ocrx_word' id='word_1_12' title='bbox 474 717 627 808; x_wconf 74' lang='lat' dir='ltr'>redegerit</span> <span class='ocrx_word' id='word_1_13' title='bbox 656 718 704 808; x_wconf 79' lang='lat'>(1)</span> <span class='ocrx_word' id='word_1_14' title='bbox 716 762 726 799; x_wconf 89' lang='lat'>,</span> <span class='ocrx_word' id='word_1_15' title='bbox 768 731 946 810; x_wconf 80' lang='lat' dir='ltr'>argsrmeuta</span> <span class='ocrx_word' id='word_1_16' title='bbox 984 735 1143 812; x_wconf 84' lang='lat' dir='ltr'>praeterea</span> 
     </span>
     <span class='ocr_line' id='line_1_4' title="bbox 164 839 1143 933; baseline 0.001 -24"><span class='ocrx_word' id='word_1_17' title='bbox 164 843 288 910; x_wconf 77' lang='lat' dir='ltr'>veritati</span> <span class='ocrx_word' id='word_1_18' title='bbox 320 840 499 932; x_wconf 77' lang='lat' dir='ltr'>probandae</span> <span class='ocrx_word' id='word_1_19' title='bbox 537 839 735 908; x_wconf 71' lang='lat' dir='ltr'>inservientia</span> <span class='ocrx_word' id='word_1_20' title='bbox 761 861 993 931; x_wconf 77' lang='lat' dir='ltr'><strong>nonnumquam</strong></span> <span class='ocrx_word' id='word_1_21' title='bbox 1020 846 1143 933; x_wconf 72' lang='lat' dir='ltr'>egregia</span> 
     </span>
     <span class='ocr_line' id='line_1_5' title="bbox 163 952 1143 1054; baseline 0.002 -26"><span class='ocrx_word' id='word_1_22' title='bbox 163 964 319 1044; x_wconf 73' lang='lat' dir='ltr'>attulerit,</span> <span class='ocrx_word' id='word_1_23' title='bbox 344 984 442 1053; x_wconf 85' lang='lat' dir='ltr'>caque</span> <span class='ocrx_word' id='word_1_24' title='bbox 459 961 554 1040; x_wconf 86' lang='lat' dir='ltr'>talia,</span> <span class='ocrx_word' id='word_1_25' title='bbox 571 983 660 1050; x_wconf 89' lang='lat' dir='ltr'>.quae</span> <span class='ocrx_word' id='word_1_26' title='bbox 673 959 821 1030; x_wconf 81' lang='lat' dir='ltr'>Ethnicis</span> <span class='ocrx_word' id='word_1_27' title='bbox 839 952 903 1028; x_wconf 87' lang='lat' dir='ltr'>nnn</span> <span class='ocrx_word' id='word_1_28' title='bbox 921 975 1064 1054; x_wconf 86' lang='lat' dir='ltr'>poterant</span> <span class='ocrx_word' id='word_1_29' title='bbox 1080 985 1143 1032; x_wconf 88' lang='lat' dir='ltr'>non</span> 
     </span>
     <span class='ocr_line' id='line_1_6' title="bbox 163 1080 1142 1174; baseline 0 -24"><span class='ocrx_word' id='word_1_30' title='bbox 163 1107 258 1174; x_wconf 57' lang='lat' dir='ltr'>mam</span> <span class='ocrx_word' id='word_1_31' title='bbox 294 1083 425 1150; x_wconf 83' lang='lat' dir='ltr'>maxime</span> <span class='ocrx_word' id='word_1_32' title='bbox 458 1080 678 1173; x_wconf 89' lang='lat' dir='ltr'>persuadere..</span> <span class='ocrx_word' id='word_1_33' title='bbox 710 1080 826 1167; x_wconf 82' lang='lat' dir='ltr'>Quodsi</span> <span class='ocrx_word' id='word_1_34' title='bbox 852 1081 992 1150; x_wconf 63' lang='lat' dir='ltr'>«Iustinus</span> <span class='ocrx_word' id='word_1_35' title='bbox 1019 1106 1081 1150; x_wconf 92' lang='lat' dir='ltr'>non</span> <span class='ocrx_word' id='word_1_36' title='bbox 1109 1085 1142 1150; x_wconf 92' lang='lat' dir='ltr'>iu</span> 
     </span>
     <span class='ocr_line' id='line_1_7' title="bbox 162 1202 1142 1287; baseline 0.006 -17"><span class='ocrx_word' id='word_1_37' title='bbox 162 1203 267 1271; x_wconf 85' lang='lat' dir='ltr'>schola</span> <span class='ocrx_word' id='word_1_38' title='bbox 282 1202 562 1271; x_wconf 76' lang='lat' dir='ltr'>Alexandrinased</span> <span class='ocrx_word' id='word_1_39' title='bbox 580 1202 773 1271; x_wconf 65' lang='lat' dir='ltr'>indreham</span> <span class='ocrx_word' id='word_1_40' title='bbox 792 1203 951 1274; x_wconf 84' lang='lat' dir='ltr'>institutus</span> <span class='ocrx_word' id='word_1_41' title='bbox 966 1205 1091 1287; x_wconf 83' lang='lat' dir='ltr'>fnisset,</span> <span class='ocrx_word' id='word_1_42' title='bbox 1110 1219 1142 1276; x_wconf 84' lang='lat' dir='ltr'>ct</span> 
     </span>
     <span class='ocr_line' id='line_1_8' title="bbox 161 1323 1143 1415; baseline 0.002 -25"><span class='ocrx_word' id='word_1_43' title='bbox 161 1326 323 1392; x_wconf 89' lang='lat' dir='ltr'>meliorem</span> <span class='ocrx_word' id='word_1_44' title='bbox 354 1323 580 1415; x_wconf 84' lang='lat' dir='ltr'>interpretandi</span> <span class='ocrx_word' id='word_1_45' title='bbox 606 1337 704 1392; x_wconf 87' lang='lat' dir='ltr'>artem</span> <span class='ocrx_word' id='word_1_46' title='bbox 732 1323 913 1406; x_wconf 79' lang='lat' dir='ltr'>didicisset,</span> <span class='ocrx_word' id='word_1_47' title='bbox 944 1325 1065 1398; x_wconf 79' lang='lat' dir='ltr'>melius,</span> <span class='ocrx_word' id='word_1_48' title='bbox 1081 1324 1143 1392; x_wconf 91' lang='lat' dir='ltr'>hoc</span> 
     </span>
     <span class='ocr_line' id='line_1_9' title="bbox 161 1445 1139 1536; baseline 0.006 -24"><span class='ocrx_word' id='word_1_49' title='bbox 161 1458 378 1536; x_wconf 78' lang='lat' dir='ltr'>argumentum</span> <span class='ocrx_word' id='word_1_50' title='bbox 413 1445 626 1536; x_wconf 72' lang='lat' dir='ltr'>gratissimum</span> <span class='ocrx_word' id='word_1_51' title='bbox 661 1446 888 1536; x_wconf 62' lang='lat' dir='ltr'>expositurum</span> <span class='ocrx_word' id='word_1_52' title='bbox 907 1445 1000 1514; x_wconf 83' lang='lat' dir='ltr'>fnisse</span> <span class='ocrx_word' id='word_1_53' title='bbox 1034 1445 1139 1518; x_wconf 64' lang='lat' dir='ltr'>credor</span> 
     </span>
     <span class='ocr_line' id='line_1_10' title="bbox 159 1565 1141 1658; baseline 0 -24"><span class='ocrx_word' id='word_1_54' title='bbox 159 1565 319 1634; x_wconf 72' lang='lat' dir='ltr'>«lustinum</span> <span class='ocrx_word' id='word_1_55' title='bbox 342 1565 404 1632; x_wconf 89' lang='lat' dir='ltr'>hoc</span> <span class='ocrx_word' id='word_1_56' title='bbox 432 1589 566 1658; x_wconf 87' lang='lat' dir='ltr'>quoque</span> <span class='ocrx_word' id='word_1_57' title='bbox 582 1579 1000 1658; x_wconf 35' lang='lat' dir='ltr'>argumentoastreuuesuas</span> <span class='ocrx_word' id='word_1_58' title='bbox 1019 1567 1141 1658; x_wconf 63' lang='lat' dir='ltr'>Apulo*</span> 
     </span>
     <span class='ocr_line' id='line_1_11' title="bbox 158 1685 1142 1778; baseline 0.002 -26"><span class='ocrx_word' id='word_1_59' title='bbox 158 1699 248 1778; x_wconf 74' lang='lat' dir='ltr'>getae</span> <span class='ocrx_word' id='word_1_60' title='bbox 270 1699 374 1778; x_wconf 89' lang='lat' dir='ltr'>partes</span> <span class='ocrx_word' id='word_1_61' title='bbox 398 1687 497 1778; x_wconf 72' lang='lat' dir='ltr'>agisse</span> <span class='ocrx_word' id='word_1_62' title='bbox 516 1685 664 1754; x_wconf 87' lang='lat' dir='ltr'>dicandus</span> <span class='ocrx_word' id='word_1_63' title='bbox 685 1700 731 1766; x_wconf 87' lang='lat' dir='ltr'>est</span> <span class='ocrx_word' id='word_1_64' title='bbox 742 1735 752 1768; x_wconf 93' lang='lat'>,</span> <span class='ocrx_word' id='word_1_65' title='bbox 777 1685 946 1754; x_wconf 79' lang='lat' dir='ltr'>defendens</span> <span class='ocrx_word' id='word_1_66' title='bbox 964 1700 997 1754; x_wconf 89' lang='lat' dir='ltr'>et</span> <span class='ocrx_word' id='word_1_67' title='bbox 1014 1686 1142 1757; x_wconf 87' lang='lat' dir='ltr'>laudans</span> 
     </span>
     <span class='ocr_line' id='line_1_12' title="bbox 161 1804 1139 1904; baseline 0 -31"><span class='ocrx_word' id='word_1_68' title='bbox 161 1804 371 1889; x_wconf 77' lang='lat' dir='ltr'>Christianos,</span> <span class='ocrx_word' id='word_1_69' title='bbox 397 1805 481 1897; x_wconf 90' lang='lat' dir='ltr'>quod</span> <span class='ocrx_word' id='word_1_70' title='bbox 504 1805 589 1904; x_wconf 86' lang='lat' dir='ltr'>haud</span> <span class='ocrx_word' id='word_1_71' title='bbox 609 1821 726 1874; x_wconf 88' lang='lat' dir='ltr'>temere</span> <span class='ocrx_word' id='word_1_72' title='bbox 744 1807 799 1874; x_wconf 90' lang='lat' dir='ltr'>sed</span> <span class='ocrx_word' id='word_1_73' title='bbox 815 1808 1000 1898; x_wconf 75' lang='lat' dir='ltr'>pravissimis</span> <span class='ocrx_word' id='word_1_74' title='bbox 1018 1807 1139 1876; x_wconf 90' lang='lat' dir='ltr'>inducti</span> 
     </span>
     <span class='ocr_line' id='line_1_13' title="bbox 158 1926 1229 2017; baseline 0.007 -25"><span class='ocrx_word' id='word_1_75' title='bbox 158 1926 350 2007; x_wconf 86' lang='lat' dir='ltr'>rationibus,</span> <span class='ocrx_word' id='word_1_76' title='bbox 368 1926 478 1994; x_wconf 87' lang='lat' dir='ltr'>Jesum</span> <span class='ocrx_word' id='word_1_77' title='bbox 497 1926 656 1995; x_wconf 82' lang='lat' dir='ltr'>Christum</span> <span class='ocrx_word' id='word_1_78' title='bbox 674 1927 735 1994; x_wconf 86' lang='lat' dir='ltr'>Dei</span> <span class='ocrx_word' id='word_1_79' title='bbox 754 1927 855 1994; x_wconf 83' lang='lat' dir='ltr'>fllium</span> <span class='ocrx_word' id='word_1_80' title='bbox 866 1940 897 1994; x_wconf 91' lang='lat' dir='ltr'>et</span> <span class='ocrx_word' id='word_1_81' title='bbox 905 1927 1041 2017; x_wconf 82' lang='lat' dir='ltr'>legatum</span> <span class='ocrx_word' id='word_1_82' title='bbox 1050 1927 1139 1994; x_wconf 80' lang='lat' dir='ltr'>Diri·</span> <span class='ocrx_word' id='word_1_83' title='bbox 1226 1992 1229 2000; x_wconf 91' lang='lat'>.</span> 
     </span>
     <span class='ocr_line' id='line_1_14' title="bbox 158 2048 1160 2140; baseline 0.004 -28"><span class='ocrx_word' id='word_1_84' title='bbox 158 2050 465 2138; x_wconf 70' lang='lat' dir='ltr'>num&#39;agncscercnt,</span> <span class='ocrx_word' id='word_1_85' title='bbox 487 2061 519 2115; x_wconf 90' lang='lat' dir='ltr'>et</span> <span class='ocrx_word' id='word_1_86' title='bbox 537 2048 719 2138; x_wconf 71' lang='lat' dir='ltr'>religionem</span> <span class='ocrx_word' id='word_1_87' title='bbox 734 2049 955 2140; x_wconf 82' lang='lat' dir='ltr'>profiterentur</span> <span class='ocrx_word' id='word_1_88' title='bbox 970 2071 1049 2139; x_wconf 88' lang='lat' dir='ltr'>quae</span> <span class='ocrx_word' id='word_1_89' title='bbox 1067 2072 1140 2116; x_wconf 86' lang='lat' dir='ltr'>um·-</span> <span class='ocrx_word' id='word_1_90' title='bbox 1158 2129 1160 2135; x_wconf 18' lang='grc' dir='ltr'><strong><em>ι</em></strong></span> 
     </span>
     <span class='ocr_line' id='line_1_15' title="bbox 158 2167 1139 2261; baseline 0.005 -29"><span class='ocrx_word' id='word_1_91' title='bbox 158 2167 233 2235; x_wconf 92' lang='lat' dir='ltr'>nino</span> <span class='ocrx_word' id='word_1_92' title='bbox 258 2181 336 2235; x_wconf 81' lang='lat' dir='ltr'>esset</span> <span class='ocrx_word' id='word_1_93' title='bbox 359 2167 464 2235; x_wconf 89' lang='lat' dir='ltr'>dirina</span> <span class='ocrx_word' id='word_1_94' title='bbox 478 2193 487 2250; x_wconf 83' lang='lat'>3</span> <span class='ocrx_word' id='word_1_95' title='bbox 513 2167 662 2237; x_wconf 82' lang='lat' dir='ltr'>Ethnicos</span> <span class='ocrx_word' id='word_1_96' title='bbox 679 2183 786 2236; x_wconf 87' lang='lat' dir='ltr'>contra</span> <span class='ocrx_word' id='word_1_97' title='bbox 803 2169 997 2260; x_wconf 76' lang='lat' dir='ltr'>vituperans,</span> <span class='ocrx_word' id='word_1_98' title='bbox 1012 2171 1139 2261; x_wconf 75' lang='lat' dir='ltr'>,qnippe</span> 
     </span>
     <span class='ocr_line' id='line_1_16' title="bbox 159 2285 1139 2380; baseline 0.005 -28"><span class='ocrx_word' id='word_1_99' title='bbox 159 2287 216 2378; x_wconf 86' lang='lat' dir='ltr'>qni</span> <span class='ocrx_word' id='word_1_100' title='bbox 232 2287 423 2378; x_wconf 81' lang='lat' dir='ltr'>pertinaces,</span> <span class='ocrx_word' id='word_1_101' title='bbox 452 2285 604 2379; x_wconf 86' lang='lat' dir='ltr'>supplicia</span> <span class='ocrx_word' id='word_1_102' title='bbox 628 2291 689 2356; x_wconf 86' lang='lat' dir='ltr'>sibi</span> <span class='ocrx_word' id='word_1_103' title='bbox 707 2291 883 2380; x_wconf 61' lang='lat' dir='ltr'>purissima</span> <span class='ocrx_word' id='word_1_104' title='bbox 902 2285 1139 2372; x_wconf 84' lang='lat' dir='ltr'>contrahentes,</span> 
     </span>
     <span class='ocr_line' id='line_1_17' title="bbox 156 2408 1138 2501; baseline 0.005 -28"><span class='ocrx_word' id='word_1_105' title='bbox 156 2420 227 2498; x_wconf 87' lang='lat' dir='ltr'>post</span> <span class='ocrx_word' id='word_1_106' title='bbox 254 2431 307 2474; x_wconf 90' lang='lat' dir='ltr'>sua</span> <span class='ocrx_word' id='word_1_107' title='bbox 333 2408 470 2498; x_wconf 89' lang='lat' dir='ltr'>ipsorum</span> <span class='ocrx_word' id='word_1_108' title='bbox 496 2410 619 2476; x_wconf 88' lang='lat' dir='ltr'>oracula</span> <span class='ocrx_word' id='word_1_109' title='bbox 641 2409 716 2477; x_wconf 83' lang='lat' dir='ltr'>falsa</span> <span class='ocrx_word' id='word_1_110' title='bbox 744 2421 902 2501; x_wconf 86' lang='lat' dir='ltr'>comperta</span> <span class='ocrx_word' id='word_1_111' title='bbox 914 2412 977 2500; x_wconf 83' lang='lat'>(2),</span> <span class='ocrx_word' id='word_1_112' title='bbox 995 2410 1045 2478; x_wconf 89' lang='lat' dir='ltr'>his</span> <span class='ocrx_word' id='word_1_113' title='bbox 1062 2413 1138 2478; x_wconf 77' lang='lat' dir='ltr'>Pro·</span> 
     </span>
     <span class='ocr_line' id='line_1_18' title="bbox 157 2511 1138 2622; baseline 0.006 -30"><span class='ocrx_word' id='word_1_114' title='bbox 157 2527 323 2619; x_wconf 85' lang='lat' dir='ltr'>phetamm</span> <span class='ocrx_word' id='word_1_115' title='bbox 340 2529 514 2612; x_wconf 75' lang='lat' dir='ltr'>vaticiniis,</span> <span class='ocrx_word' id='word_1_116' title='bbox 532 2511 656 2598; x_wconf 88' lang='lat' dir='ltr'>omnino</span> <span class='ocrx_word' id='word_1_117' title='bbox 673 2530 795 2598; x_wconf 79' lang='lat' dir='ltr'>Divinis</span> <span class='ocrx_word' id='word_1_118' title='bbox 813 2544 845 2600; x_wconf 86' lang='lat' dir='ltr'>et</span> <span class='ocrx_word' id='word_1_119' title='bbox 862 2539 1138 2622; x_wconf 79' lang='lat' dir='ltr'>erentu&#39;compro-</span> 
     </span>
     <span class='ocr_line' id='line_1_19' title="bbox 158 2649 1140 2744; baseline 0.003 -29"><span class='ocrx_word' id='word_1_120' title='bbox 158 2649 265 2730; x_wconf 85' lang='lat' dir='ltr'>hatis,</span> <span class='ocrx_word' id='word_1_121' title='bbox 285 2649 382 2717; x_wconf 88' lang='lat' dir='ltr'>iidem</span> <span class='ocrx_word' id='word_1_122' title='bbox 401 2650 553 2744; x_wconf 71' lang='lat' dir='ltr'>denegare</span> <span class='ocrx_word' id='word_1_123' title='bbox 575 2652 834 2743; x_wconf 76' lang='lat' dir='ltr'>pergerent,imn</span> <span class='ocrx_word' id='word_1_124' title='bbox 844 2650 1057 2733; x_wconf 78' lang='lat' dir='ltr'>,Christianos</span> <span class='ocrx_word' id='word_1_125' title='bbox 1069 2650 1140 2732; x_wconf 78' lang='lat' dir='ltr'>‚his</span> 
     </span>
     <span class='ocr_line' id='line_1_20' title="bbox 157 2767 1139 2864; baseline 0.004 -26"><span class='ocrx_word' id='word_1_126' title='bbox 157 2767 253 2838; x_wconf 86' lang='lat' dir='ltr'>fidem</span> <span class='ocrx_word' id='word_1_127' title='bbox 275 2772 479 2862; x_wconf 87' lang='lat' dir='ltr'>praebentes,</span> <span class='ocrx_word' id='word_1_128' title='bbox 499 2779 647 2864; x_wconf 83' lang='lat' dir='ltr'>tanquam</span> <span class='ocrx_word' id='word_1_129' title='bbox 664 2773 908 2863; x_wconf 80' lang='lat' dir='ltr'>superstitiosos,</span> <span class='ocrx_word' id='word_1_130' title='bbox 930 2771 1088 2840; x_wconf 83' lang='lat' dir='ltr'>dementes</span> <span class='ocrx_word' id='word_1_131' title='bbox 1107 2785 1139 2842; x_wconf 89' lang='lat' dir='ltr'>et</span> 
     </span>
     <span class='ocr_line' id='line_1_21' title="bbox 154 2892 613 2985; baseline 0.004 -27"><span class='ocrx_word' id='word_1_132' title='bbox 154 2892 304 2960; x_wconf 78' lang='lat' dir='ltr'>fanaticos</span> <span class='ocrx_word' id='word_1_133' title='bbox 327 2908 613 2985; x_wconf 63' lang='lat' dir='ltr'>persequerentur„</span> 
     </span>
    </p>

    <p class='ocr_par' dir='ltr' id='par_1_3' title="bbox 152 3013 1136 3830">
     <span class='ocr_line' id='line_1_22' title="bbox 203 3013 1135 3108; baseline 0 -27"><span class='ocrx_word' id='word_1_134' title='bbox 203 3013 316 3100; x_wconf 77' lang='lat' dir='ltr'>Quanti</span> <span class='ocrx_word' id='word_1_135' title='bbox 334 3014 476 3083; x_wconf 84' lang='lat' dir='ltr'>Jurtinus</span> <span class='ocrx_word' id='word_1_136' title='bbox 493 3015 554 3083; x_wconf 87' lang='lat' dir='ltr'>hoc</span> <span class='ocrx_word' id='word_1_137' title='bbox 572 3029 789 3108; x_wconf 73' lang='lat' dir='ltr'>argumentum</span> <span class='ocrx_word' id='word_1_138' title='bbox 808 3015 951 3098; x_wconf 86' lang='lat' dir='ltr'>duxerit,</span> <span class='ocrx_word' id='word_1_139' title='bbox 976 3014 1055 3082; x_wconf 91' lang='lat' dir='ltr'>inde·</span> <span class='ocrx_word' id='word_1_140' title='bbox 1074 3039 1135 3106; x_wconf 72' lang='lat' dir='ltr'>pa-</span> 
     </span>
     <span class='ocr_line' id='line_1_23' title="bbox 154 3134 1136 3230; baseline 0.005 -31"><span class='ocrx_word' id='word_1_141' title='bbox 154 3145 239 3215; x_wconf 89' lang='lat' dir='ltr'>teat,</span> <span class='ocrx_word' id='word_1_142' title='bbox 270 3134 355 3226; x_wconf 87' lang='lat' dir='ltr'>quod</span> <span class='ocrx_word' id='word_1_143' title='bbox 379 3134 568 3214; x_wconf 78' lang='lat' dir='ltr'>Christianos</span> <span class='ocrx_word' id='word_1_144' title='bbox 586 3141 667 3230; x_wconf 82' lang='lat' dir='ltr'>ipsds</span> <span class='ocrx_word' id='word_1_145' title='bbox 684 3139 761 3206; x_wconf 88' lang='lat' dir='ltr'>Jesu</span> <span class='ocrx_word' id='word_1_146' title='bbox 781 3136 878 3204; x_wconf 80' lang='lat' dir='ltr'>fidem</span> <span class='ocrx_word' id='word_1_147' title='bbox 895 3160 957 3204; x_wconf 89' lang='lat' dir='ltr'>non</span> <span class='ocrx_word' id='word_1_148' title='bbox 975 3135 1136 3204; x_wconf 83' lang='lat' dir='ltr'>habituros</span> 
     </span>
     <span class='ocr_line' id='line_1_24' title="bbox 154 3255 1131 3351; baseline 0.002 -28"><span class='ocrx_word' id='word_1_149' title='bbox 154 3255 249 3324; x_wconf 79' lang='lat' dir='ltr'>fnisse</span> <span class='ocrx_word' id='word_1_150' title='bbox 278 3257 427 3341; x_wconf 81' lang='lat' dir='ltr'>affirmet,</span> <span class='ocrx_word' id='word_1_151' title='bbox 465 3260 525 3328; x_wconf 89' lang='lat' dir='ltr'>nisi</span> <span class='ocrx_word' id='word_1_152' title='bbox 548 3260 667 3351; x_wconf 70' lang='lat' dir='ltr'>singula</span> <span class='ocrx_word' id='word_1_153' title='bbox 695 3265 766 3332; x_wconf 80' lang='lat' dir='ltr'>ante</span> <span class='ocrx_word' id='word_1_154' title='bbox 795 3257 954 3350; x_wconf 87' lang='lat' dir='ltr'>praedicta</span> <span class='ocrx_word' id='word_1_155' title='bbox 980 3257 1131 3340; x_wconf 81' lang='lat' dir='ltr'>inissent3</span> 
     </span>
     <span class='ocr_line' id='line_1_25' title="bbox 154 3374 1134 3472; baseline 0.003 -32"><span class='ocrx_word' id='word_1_156' title='bbox 154 3374 232 3442; x_wconf 88' lang='lat' dir='ltr'>item</span> <span class='ocrx_word' id='word_1_157' title='bbox 251 3397 287 3443; x_wconf 88' lang='lat' dir='ltr'>ex</span> <span class='ocrx_word' id='word_1_158' title='bbox 306 3400 360 3459; x_wconf 92' lang='lat' dir='ltr'>eo,</span> <span class='ocrx_word' id='word_1_159' title='bbox 382 3377 466 3470; x_wconf 87' lang='lat' dir='ltr'>quod</span> <span class='ocrx_word' id='word_1_160' title='bbox 483 3379 569 3447; x_wconf 91' lang='lat' dir='ltr'>nullo</span> <span class='ocrx_word' id='word_1_161' title='bbox 583 3381 680 3471; x_wconf 74' lang='lat' dir='ltr'>magis</span> <span class='ocrx_word' id='word_1_162' title='bbox 693 3377 1039 3472; x_wconf 77' lang='lat' dir='ltr'>argumentcjudicibus</span> <span class='ocrx_word' id='word_1_163' title='bbox 1056 3377 1134 3444; x_wconf 65' lang='lat' dir='ltr'>hor*</span> 
     </span>
     <span class='ocr_line' id='line_1_26' title="bbox 152 3497 1131 3592; baseline 0.002 -31"><span class='ocrx_word' id='word_1_164' title='bbox 152 3517 257 3562; x_wconf 88' lang='lat' dir='ltr'>rorem</span> <span class='ocrx_word' id='word_1_165' title='bbox 282 3497 433 3580; x_wconf 87' lang='lat' dir='ltr'>incutiat,</span> <span class='ocrx_word' id='word_1_166' title='bbox 467 3523 560 3591; x_wconf 90' lang='lat' dir='ltr'>quam</span> <span class='ocrx_word' id='word_1_167' title='bbox 589 3501 667 3592; x_wconf 89' lang='lat' dir='ltr'>ipso.</span> <span class='ocrx_word' id='word_1_168' title='bbox 683 3499 744 3566; x_wconf 91' lang='lat' dir='ltr'>hoc</span> <span class='ocrx_word' id='word_1_169' title='bbox 773 3523 809 3570; x_wconf 85' lang='lat' dir='ltr'>er</span> <span class='ocrx_word' id='word_1_170' title='bbox 834 3499 988 3566; x_wconf 75' lang='lat' dir='ltr'>vaticiniis</span> <span class='ocrx_word' id='word_1_171' title='bbox 1016 3497 1109 3564; x_wconf 88' lang='lat' dir='ltr'>ducto</span> <span class='ocrx_word' id='word_1_172' title='bbox 1121 3544 1131 3577; x_wconf 92' lang='lat'>,</span> 
     </span>
     <span class='ocr_line' id='line_1_27' title="bbox 153 3617 1132 3714; baseline 0.006 -32"><span class='ocrx_word' id='word_1_173' title='bbox 153 3617 272 3710; x_wconf 86' lang='lat' dir='ltr'>quippe</span> <span class='ocrx_word' id='word_1_174' title='bbox 291 3643 355 3710; x_wconf 87' lang='lat' dir='ltr'>quo</span> <span class='ocrx_word' id='word_1_175' title='bbox 372 3642 420 3687; x_wconf 88' lang='lat' dir='ltr'>res</span> <span class='ocrx_word' id='word_1_176' title='bbox 439 3619 613 3690; x_wconf 80' lang='lat' dir='ltr'>Christiana</span> <span class='ocrx_word' id='word_1_177' title='bbox 625 3667 637 3704; x_wconf 87' lang='lat'>,</span> <span class='ocrx_word' id='word_1_178' title='bbox 649 3622 742 3689; x_wconf 83' lang='lat' dir='ltr'>amni</span> <span class='ocrx_word' id='word_1_179' title='bbox 757 3621 854 3690; x_wconf 89' lang='lat' dir='ltr'>dubio</span> <span class='ocrx_word' id='word_1_180' title='bbox 872 3622 981 3714; x_wconf 85' lang='lat' dir='ltr'>procul</span> <span class='ocrx_word' id='word_1_181' title='bbox 991 3665 1005 3702; x_wconf 43' lang='grc' dir='ltr'>,ι</span> <span class='ocrx_word' id='word_1_182' title='bbox 1020 3618 1132 3688; x_wconf 81' lang='lat' dir='ltr'>Divina</span> 
     </span>
     <span class='ocr_line' id='line_1_28' title="bbox 152 3739 445 3830; baseline 0.014 -26"><span class='ocrx_word' id='word_1_183' title='bbox 152 3739 409 3830; x_wconf 78' lang='lat' dir='ltr'>esseap&#39;pareret.</span> <span class='ocrx_word' id='word_1_184' title='bbox 431 3745 445 3766; x_wconf 59' lang='lat'><em>²</em></span> 
     </span>
    </p>
   </div>
   <div class='ocr_carea' id='block_1_3' title="bbox 180 4045 848 4202">
    <p class='ocr_par' dir='ltr' id='par_1_4' title="bbox 180 4045 848 4202">
     <span class='ocr_line' id='line_1_29' title="bbox 180 4045 735 4116; baseline 0.005 -21"><span class='ocrx_word' id='word_1_185' title='bbox 180 4045 220 4113; x_wconf 81' lang='lat'>(1)</span> <span class='ocrx_word' id='word_1_186' title='bbox 237 4047 292 4098; x_wconf 82' lang='lat' dir='ltr'>Vas</span> <span class='ocrx_word' id='word_1_187' title='bbox 310 4065 413 4113; x_wconf 80' lang='lat' dir='ltr'>aranu,</span> <span class='ocrx_word' id='word_1_188' title='bbox 438 4049 457 4099; x_wconf 93' lang='lat' dir='ltr'>l.</span> <span class='ocrx_word' id='word_1_189' title='bbox 476 4066 500 4099; x_wconf 89' lang='lat' dir='ltr'>c.</span> <span class='ocrx_word' id='word_1_190' title='bbox 519 4065 546 4116; x_wconf 86' lang='lat' dir='ltr'>p.</span> <span class='ocrx_word' id='word_1_191' title='bbox 563 4049 625 4101; x_wconf 75' lang='lat' dir='ltr'>nal.</span> <span class='ocrx_word' id='word_1_192' title='bbox 732 4083 735 4090; x_wconf 82' lang='lat'><em>-</em></span> 
     </span>
     <span class='ocr_line' id='line_1_30' title="bbox 181 4131 848 4202; baseline -0.004 -18"><span class='ocrx_word' id='word_1_193' title='bbox 181 4131 222 4198; x_wconf 66' lang='grc'>(2)</span> <span class='ocrx_word' id='word_1_194' title='bbox 239 4133 407 4198; x_wconf 67' lang='lat' dir='ltr'>inscrtum,</span> <span class='ocrx_word' id='word_1_195' title='bbox 431 4135 523 4186; x_wconf 74' lang='lat' dir='ltr'>Gessit.</span> <span class='ocrx_word' id='word_1_196' title='bbox 544 4136 593 4186; x_wconf 81' lang='lat' dir='ltr'>der</span> <span class='ocrx_word' id='word_1_197' title='bbox 609 4135 703 4200; x_wconf 69' lang='lat' dir='ltr'>Apol..</span> <span class='ocrx_word' id='word_1_198' title='bbox 723 4151 781 4202; x_wconf 70' lang='lat' dir='ltr'>pag.</span> <span class='ocrx_word' id='word_1_199' title='bbox 802 4133 848 4183; x_wconf 47' lang='lat'>871</span> 
     </span>
    </p>
   </div>
   <div class='ocr_carea' id='block_1_4' title="bbox 0 0 1494 5106">
    <p class='ocr_par' dir='ltr' id='par_1_5' title="bbox 0 0 1494 5106">
     <span class='ocr_line' id='line_1_31' title="bbox 0 0 1494 5106; baseline 0 5"><span class='ocrx_word' id='word_1_200' title='bbox 0 0 1494 5106; x_wconf 95' lang='lat' dir='ltr'> </span> 
     </span>
    </p>
   </div>
  </div>
 </body>
</html>
