<?xml version="1.0" encoding="UTF-8"?>
<!DOCTYPE html PUBLIC "-//W3C//DTD XHTML 1.0 Transitional//EN"
    "http://www.w3.org/TR/xhtml1/DTD/xhtml1-transitional.dtd">
<html xmlns="http://www.w3.org/1999/xhtml" xml:lang="en" lang="en">
 <head>
  <title>
</title>
<meta http-equiv="Content-Type" content="text/html;charset=utf-8" />
  <meta name='ocr-system' content='tesseract 3.04.00' />
  <meta name='ocr-capabilities' content='ocr_page ocr_carea ocr_par ocr_line ocrx_word'/>
</head>
<body>
  <div class='ocr_page' id='page_1' title='image "./dejustinomartyr00junigoog_0078.png"; bbox 0 0 2978 5106; ppageno 0'>
   <div class='ocr_carea' id='block_1_1' title="bbox 803 431 845 494">
    <p class='ocr_par' dir='ltr' id='par_1_1' title="bbox 803 431 845 494">
     <span class='ocr_line' id='line_1_1' title="bbox 803 431 845 494; baseline -0.048 0"><span class='ocrx_word' id='word_1_1' title='bbox 803 431 845 494; x_wconf 78' lang='lat' dir='ltr'>ot</span> 
     </span>
    </p>
   </div>
   <div class='ocr_carea' id='block_1_2' title="bbox 295 623 1309 3978">
    <p class='ocr_par' dir='ltr' id='par_1_2' title="bbox 295 623 1309 2047">
     <span class='ocr_line' id='line_1_2' title="bbox 379 623 1309 717; baseline -0.004 -17"><span class='ocrx_word' id='word_1_2' title='bbox 379 631 498 712; x_wconf 79' lang='lat' dir='ltr'>Causa,</span> <span class='ocrx_word' id='word_1_3' title='bbox 531 629 571 696; x_wconf 94' lang='lat' dir='ltr'>ob</span> <span class='ocrx_word' id='word_1_4' title='bbox 592 645 686 717; x_wconf 86' lang='lat' dir='ltr'>quarn</span> <span class='ocrx_word' id='word_1_5' title='bbox 703 623 820 714; x_wconf 72' lang='lat' dir='ltr'>singula</span> <span class='ocrx_word' id='word_1_6' title='bbox 839 624 954 714; x_wconf 83' lang='lat' dir='ltr'>plauita</span> <span class='ocrx_word' id='word_1_7' title='bbox 972 645 1035 691; x_wconf 89' lang='lat' dir='ltr'>non</span> <span class='ocrx_word' id='word_1_8' title='bbox 1054 625 1090 690; x_wconf 82' lang='lat' dir='ltr'>ei</span> <span class='ocrx_word' id='word_1_9' title='bbox 1107 639 1309 716; x_wconf 71' lang='lat' dir='ltr'>argumento-</span> 
     </span>
     <span class='ocr_line' id='line_1_3' title="bbox 330 743 1308 841; baseline -0.005 -20"><span class='ocrx_word' id='word_1_10' title='bbox 330 775 400 820; x_wconf 86' lang='lat' dir='ltr'>rum</span> <span class='ocrx_word' id='word_1_11' title='bbox 427 750 515 841; x_wconf 80' lang='lat' dir='ltr'>oopih</span> <span class='ocrx_word' id='word_1_12' title='bbox 542 770 578 813; x_wconf 87' lang='lat' dir='ltr'>ao</span> <span class='ocrx_word' id='word_1_13' title='bbox 603 745 762 838; x_wconf 71' lang='lat' dir='ltr'>diligentis</span> <span class='ocrx_word' id='word_1_14' title='bbox 785 767 803 810; x_wconf 85' lang='lat' dir='ltr'>a</span> <span class='ocrx_word' id='word_1_15' title='bbox 828 743 1084 835; x_wconf 85' lang='lat' dir='ltr'>philosophorum</span> <span class='ocrx_word' id='word_1_16' title='bbox 1108 745 1178 813; x_wconf 87' lang='lat' dir='ltr'>telis</span> <span class='ocrx_word' id='word_1_17' title='bbox 1204 747 1308 816; x_wconf 80' lang='lat' dir='ltr'>vindi·</span> 
     </span>
     <span class='ocr_line' id='line_1_4' title="bbox 330 855 1307 956; baseline -0.004 -16"><span class='ocrx_word' id='word_1_18' title='bbox 330 886 400 953; x_wconf 86' lang='lat' dir='ltr'>oet,</span> <span class='ocrx_word' id='word_1_19' title='bbox 424 873 456 937; x_wconf 87' lang='lat' dir='ltr'>in</span> <span class='ocrx_word' id='word_1_20' title='bbox 475 891 512 935; x_wconf 88' lang='lat' dir='ltr'>eo</span> <span class='ocrx_word' id='word_1_21' title='bbox 530 867 652 934; x_wconf 83' lang='lat' dir='ltr'>ridetur</span> <span class='ocrx_word' id='word_1_22' title='bbox 672 863 868 956; x_wconf 83' lang='lat' dir='ltr'>quaerenda,</span> <span class='ocrx_word' id='word_1_23' title='bbox 890 865 964 956; x_wconf 91' lang='lat' dir='ltr'>qnia</span> <span class='ocrx_word' id='word_1_24' title='bbox 980 864 1141 948; x_wconf 76' lang='lat' dir='ltr'>noudum,</span> <span class='ocrx_word' id='word_1_25' title='bbox 1159 855 1198 935; x_wconf 80' lang='lat' dir='ltr'>ut&#39;</span> <span class='ocrx_word' id='word_1_26' title='bbox 1211 867 1307 936; x_wconf 86' lang='lat' dir='ltr'>modo</span> 
     </span>
     <span class='ocr_line' id='line_1_5' title="bbox 329 985 1307 1083; baseline -0.003 -24"><span class='ocrx_word' id='word_1_27' title='bbox 329 989 583 1083; x_wconf 78' lang='lat' dir='ltr'>significavimus,</span> <span class='ocrx_word' id='word_1_28' title='bbox 604 985 720 1056; x_wconf 81' lang='lat' dir='ltr'>Christi</span> <span class='ocrx_word' id='word_1_29' title='bbox 740 985 880 1053; x_wconf 83' lang='lat' dir='ltr'>doctrina</span> <span class='ocrx_word' id='word_1_30' title='bbox 899 997 963 1052; x_wconf 87' lang='lat' dir='ltr'>tam</span> <span class='ocrx_word' id='word_1_31' title='bbox 982 999 1125 1054; x_wconf 83' lang='lat' dir='ltr'>aeenrate</span> <span class='ocrx_word' id='word_1_32' title='bbox 1143 1001 1175 1081; x_wconf 76' lang='lat' dir='ltr'>et</span> <span class='ocrx_word' id='word_1_33' title='bbox 1193 991 1307 1057; x_wconf 82' lang='lat' dir='ltr'>aeriter</span> 
     </span>
     <span class='ocr_line' id='line_1_6' title="bbox 327 1105 1307 1200; baseline -0.004 -20"><span class='ocrx_word' id='word_1_34' title='bbox 327 1113 367 1180; x_wconf 82' lang='lat' dir='ltr'>ab</span> <span class='ocrx_word' id='word_1_35' title='bbox 396 1111 481 1179; x_wconf 91' lang='lat' dir='ltr'>omni</span> <span class='ocrx_word' id='word_1_36' title='bbox 510 1121 599 1200; x_wconf 90' lang='lat' dir='ltr'>parte</span> <span class='ocrx_word' id='word_1_37' title='bbox 620 1129 637 1171; x_wconf 85' lang='lat' dir='ltr'>a</span> <span class='ocrx_word' id='word_1_38' title='bbox 654 1105 845 1197; x_wconf 90' lang='lat' dir='ltr'>philosophis</span> <span class='ocrx_word' id='word_1_39' title='bbox 863 1119 941 1174; x_wconf 89' lang='lat' dir='ltr'>erset</span> <span class='ocrx_word' id='word_1_40' title='bbox 957 1107 1067 1198; x_wconf 84' lang='lat' dir='ltr'>petitu.</span> <span class='ocrx_word' id='word_1_41' title='bbox 1115 1108 1307 1200; x_wconf 70' lang='lat' dir='ltr'>Apologetse</span> 
     </span>
     <span class='ocr_line' id='line_1_7' title="bbox 295 1226 1304 1323; baseline 0 -25"><span class='ocrx_word' id='word_1_42' title='bbox 295 1261 298 1268; x_wconf 91' lang='grc'>·</span> <span class='ocrx_word' id='word_1_43' title='bbox 327 1232 418 1323; x_wconf 89' lang='lat' dir='ltr'>hujus</span> <span class='ocrx_word' id='word_1_44' title='bbox 447 1230 514 1297; x_wconf 86' lang='lat' dir='ltr'>aeri</span> <span class='ocrx_word' id='word_1_45' title='bbox 539 1228 679 1294; x_wconf 80' lang='lat' dir='ltr'>universe</span> <span class='ocrx_word' id='word_1_46' title='bbox 707 1227 804 1316; x_wconf 81' lang='lat' dir='ltr'>magis</span> <span class='ocrx_word' id='word_1_47' title='bbox 832 1226 1095 1296; x_wconf 86' lang='lat' dir='ltr'>Monotheismnm</span> <span class='ocrx_word' id='word_1_48' title='bbox 1121 1227 1304 1314; x_wconf 78' lang='lat' dir='ltr'>rindimnt5</span> 
     </span>
     <span class='ocr_line' id='line_1_8' title="bbox 321 1347 1309 1444; baseline -0.002 -24"><span class='ocrx_word' id='word_1_49' title='bbox 321 1352 475 1444; x_wconf 77' lang='lat' dir='ltr'>&#39;Origenes</span> <span class='ocrx_word' id='word_1_50' title='bbox 503 1350 629 1416; x_wconf 90' lang='lat' dir='ltr'>demum</span> <span class='ocrx_word' id='word_1_51' title='bbox 655 1349 721 1439; x_wconf 81' lang='lat' dir='ltr'>ipss</span> <span class='ocrx_word' id='word_1_52' title='bbox 748 1347 905 1437; x_wconf 71' lang='lat' dir='ltr'>religionis</span> <span class='ocrx_word' id='word_1_53' title='bbox 922 1349 1036 1439; x_wconf 77' lang='lat' dir='ltr'>placita</span> <span class='ocrx_word' id='word_1_54' title='bbox 1059 1349 1143 1416; x_wconf 82' lang='lat' dir='ltr'>omui</span> <span class='ocrx_word' id='word_1_55' title='bbox 1164 1348 1309 1418; x_wconf 80' lang='lat' dir='ltr'>doctrina</span> 
     </span>
     <span class='ocr_line' id='line_1_9' title="bbox 327 1467 1308 1566; baseline -0.002 -24"><span class='ocrx_word' id='word_1_56' title='bbox 327 1487 358 1542; x_wconf 86' lang='lat' dir='ltr'>et</span> <span class='ocrx_word' id='word_1_57' title='bbox 377 1472 494 1566; x_wconf 76' lang='lat' dir='ltr'>ingenii</span> <span class='ocrx_word' id='word_1_58' title='bbox 511 1472 542 1538; x_wconf 87' lang='lat' dir='ltr'>ri</span> <span class='ocrx_word' id='word_1_59' title='bbox 557 1469 666 1538; x_wconf 87' lang='lat' dir='ltr'>aCelsi</span> <span class='ocrx_word' id='word_1_60' title='bbox 681 1481 713 1536; x_wconf 91' lang='lat' dir='ltr'>et</span> <span class='ocrx_word' id='word_1_61' title='bbox 732 1467 864 1536; x_wconf 87' lang='lat' dir='ltr'>aliorum</span> <span class='ocrx_word' id='word_1_62' title='bbox 881 1469 950 1536; x_wconf 86' lang='lat' dir='ltr'>telis</span> <span class='ocrx_word' id='word_1_63' title='bbox 967 1468 1139 1538; x_wconf 78' lang='lat' dir='ltr'>vindicasse</span> <span class='ocrx_word' id='word_1_64' title='bbox 1157 1468 1308 1540; x_wconf 79' lang='lat' dir='ltr'>dicendus</span> 
     </span>
     <span class='ocr_line' id='line_1_10' title="bbox 327 1589 1306 1684; baseline -0.002 -22"><span class='ocrx_word' id='word_1_65' title='bbox 327 1609 388 1665; x_wconf 86' lang='lat' dir='ltr'>est:</span> <span class='ocrx_word' id='word_1_66' title='bbox 410 1591 494 1684; x_wconf 87' lang='lat' dir='ltr'>quod</span> <span class='ocrx_word' id='word_1_67' title='bbox 511 1603 614 1659; x_wconf 86' lang='lat' dir='ltr'>tamen</span> <span class='ocrx_word' id='word_1_68' title='bbox 632 1611 695 1657; x_wconf 90' lang='lat' dir='ltr'>uon</span> <span class='ocrx_word' id='word_1_69' title='bbox 716 1589 760 1656; x_wconf 89' lang='lat' dir='ltr'>ita</span> <span class='ocrx_word' id='word_1_70' title='bbox 779 1590 929 1680; x_wconf 79' lang='lat' dir='ltr'>accipias,</span> <span class='ocrx_word' id='word_1_71' title='bbox 949 1611 985 1656; x_wconf 83' lang='lat' dir='ltr'>ro</span> <span class='ocrx_word' id='word_1_72' title='bbox 1004 1591 1029 1657; x_wconf 89' lang='lat' dir='ltr'>si</span> <span class='ocrx_word' id='word_1_73' title='bbox 1043 1591 1184 1660; x_wconf 86' lang='lat' dir='ltr'>Jnstinus</span> <span class='ocrx_word' id='word_1_74' title='bbox 1196 1589 1306 1660; x_wconf 84' lang='lat' dir='ltr'>Chris-</span> 
     </span>
     <span class='ocr_line' id='line_1_11' title="bbox 326 1710 1306 1805; baseline -0.003 -22"><span class='ocrx_word' id='word_1_75' title='bbox 326 1716 410 1784; x_wconf 80' lang='lat' dir='ltr'>tiane</span> <span class='ocrx_word' id='word_1_76' title='bbox 438 1712 551 1805; x_wconf 86' lang='lat' dir='ltr'>placita</span> <span class='ocrx_word' id='word_1_77' title='bbox 576 1732 727 1802; x_wconf 80' lang='lat' dir='ltr'>exponere</span> <span class='ocrx_word' id='word_1_78' title='bbox 755 1711 803 1778; x_wconf 84' lang='lat' dir='ltr'>rel</span> <span class='ocrx_word' id='word_1_79' title='bbox 830 1711 870 1776; x_wconf 87' lang='lat' dir='ltr'>ab</span> <span class='ocrx_word' id='word_1_80' title='bbox 899 1711 1124 1802; x_wconf 79' lang='lat' dir='ltr'>objectionibus</span> <span class='ocrx_word' id='word_1_81' title='bbox 1146 1710 1306 1780; x_wconf 77' lang='lat' dir='ltr'>vindicare</span> 
     </span>
     <span class='ocr_line' id='line_1_12' title="bbox 325 1831 1306 1927; baseline 0 -25"><span class='ocrx_word' id='word_1_82' title='bbox 325 1857 447 1927; x_wconf 87' lang='lat' dir='ltr'>prorsus</span> <span class='ocrx_word' id='word_1_83' title='bbox 471 1831 698 1926; x_wconf 82' lang='lat' dir='ltr'>supersederit3</span> <span class='ocrx_word' id='word_1_84' title='bbox 730 1831 918 1900; x_wconf 84' lang='lat' dir='ltr'>contrarium</span> <span class='ocrx_word' id='word_1_85' title='bbox 945 1853 1077 1898; x_wconf 85' lang='lat' dir='ltr'>morer</span> <span class='ocrx_word' id='word_1_86' title='bbox 1102 1846 1306 1924; x_wconf 74' lang='lat' dir='ltr'>argumento-</span> 
     </span>
     <span class='ocr_line' id='line_1_13' title="bbox 325 1952 754 2047; baseline -0.009 -23"><span class='ocrx_word' id='word_1_87' title='bbox 325 1979 396 2024; x_wconf 87' lang='lat' dir='ltr'>rum</span> <span class='ocrx_word' id='word_1_88' title='bbox 415 1955 602 2047; x_wconf 75' lang='lat' dir='ltr'>expositione</span> <span class='ocrx_word' id='word_1_89' title='bbox 622 1952 754 2044; x_wconf 86' lang='lat' dir='ltr'>patebit.</span> 
     </span>
    </p>

    <p class='ocr_par' dir='ltr' id='par_1_3' title="bbox 324 2068 1306 3734">
     <span class='ocr_line' id='line_1_14' title="bbox 369 2068 1304 2165; baseline -0.004 -21"><span class='ocrx_word' id='word_1_90' title='bbox 369 2078 408 2144; x_wconf 91' lang='lat' dir='ltr'>ln</span> <span class='ocrx_word' id='word_1_91' title='bbox 440 2075 536 2142; x_wconf 80' lang='lat' dir='ltr'>hacne</span> <span class='ocrx_word' id='word_1_92' title='bbox 564 2073 683 2163; x_wconf 81' lang='lat' dir='ltr'>reliqui</span> <span class='ocrx_word' id='word_1_93' title='bbox 710 2071 866 2162; x_wconf 74' lang='lat' dir='ltr'>religionis</span> <span class='ocrx_word' id='word_1_94' title='bbox 895 2068 1088 2141; x_wconf 74' lang='lat' dir='ltr'>Christianae</span> <span class='ocrx_word' id='word_1_95' title='bbox 1115 2075 1304 2165; x_wconf 75' lang='lat' dir='ltr'>professione</span> 
     </span>
     <span class='ocr_line' id='line_1_15' title="bbox 325 2190 1304 2287; baseline -0.003 -23"><span class='ocrx_word' id='word_1_96' title='bbox 325 2194 504 2287; x_wconf 83' lang='lat' dir='ltr'>exponenda</span> <span class='ocrx_word' id='word_1_97' title='bbox 527 2207 558 2260; x_wconf 91' lang='lat' dir='ltr'>et</span> <span class='ocrx_word' id='word_1_98' title='bbox 575 2190 759 2259; x_wconf 75' lang='lat' dir='ltr'>vindicanda</span> <span class='ocrx_word' id='word_1_99' title='bbox 777 2190 1032 2260; x_wconf 77' lang='lat' dir='ltr'>animadvertitur</span> <span class='ocrx_word' id='word_1_100' title='bbox 1048 2193 1166 2261; x_wconf 88' lang='lat' dir='ltr'>Justini</span> <span class='ocrx_word' id='word_1_101' title='bbox 1184 2194 1304 2262; x_wconf 86' lang='lat' dir='ltr'>animus</span> 
     </span>
     <span class='ocr_line' id='line_1_16' title="bbox 326 2310 1302 2404; baseline 0 -22"><span class='ocrx_word' id='word_1_102' title='bbox 326 2315 458 2382; x_wconf 82' lang='lat' dir='ltr'>mirifice</span> <span class='ocrx_word' id='word_1_103' title='bbox 483 2313 524 2381; x_wconf 92' lang='lat' dir='ltr'>ob</span> <span class='ocrx_word' id='word_1_104' title='bbox 553 2310 669 2380; x_wconf 78' lang='lat' dir='ltr'>Christi</span> <span class='ocrx_word' id='word_1_105' title='bbox 696 2311 855 2378; x_wconf 82' lang='lat' dir='ltr'>doetrinae</span> <span class='ocrx_word' id='word_1_106' title='bbox 873 2313 1091 2404; x_wconf 83' lang='lat' dir='ltr'>praestantiam</span> <span class='ocrx_word' id='word_1_107' title='bbox 1110 2328 1302 2395; x_wconf 85' lang='lat' dir='ltr'>commotus,</span> 
     </span>
     <span class='ocr_line' id='line_1_17' title="bbox 326 2430 1304 2527; baseline 0.001 -25"><span class='ocrx_word' id='word_1_108' title='bbox 326 2435 502 2527; x_wconf 77' lang='lat' dir='ltr'>indignatas</span> <span class='ocrx_word' id='word_1_109' title='bbox 520 2433 611 2501; x_wconf 89' lang='lat' dir='ltr'>simul</span> <span class='ocrx_word' id='word_1_110' title='bbox 630 2431 851 2522; x_wconf 78' lang='lat' dir='ltr'>qnodgeutiles</span> <span class='ocrx_word' id='word_1_111' title='bbox 862 2430 1071 2515; x_wconf 70' lang='lat' dir='ltr'>Christianos,</span> <span class='ocrx_word' id='word_1_112' title='bbox 1086 2447 1150 2502; x_wconf 88' lang='lat' dir='ltr'>tam</span> <span class='ocrx_word' id='word_1_113' title='bbox 1164 2436 1304 2525; x_wconf 80' lang='lat' dir='ltr'>praeela-</span> 
     </span>
     <span class='ocr_line' id='line_1_18' title="bbox 324 2539 1305 2646; baseline 0 -22"><span class='ocrx_word' id='word_1_114' title='bbox 324 2579 392 2624; x_wconf 86' lang='lat' dir='ltr'>ram</span> <span class='ocrx_word' id='word_1_115' title='bbox 410 2539 566 2646; x_wconf 73' lang='lat' dir='ltr'>religioni·</span> <span class='ocrx_word' id='word_1_116' title='bbox 585 2552 775 2635; x_wconf 80' lang='lat' dir='ltr'>doctrinam,</span> <span class='ocrx_word' id='word_1_117' title='bbox 795 2553 893 2620; x_wconf 90' lang='lat' dir='ltr'>omnis</span> <span class='ocrx_word' id='word_1_118' title='bbox 911 2553 977 2620; x_wconf 88' lang='lat' dir='ltr'>reri</span> <span class='ocrx_word' id='word_1_119' title='bbox 997 2567 1028 2622; x_wconf 85' lang='lat' dir='ltr'>et</span> <span class='ocrx_word' id='word_1_120' title='bbox 1045 2553 1166 2624; x_wconf 84' lang='lat' dir='ltr'>honesti</span> <span class='ocrx_word' id='word_1_121' title='bbox 1185 2555 1305 2624; x_wconf 84' lang='lat' dir='ltr'>fontem</span> 
     </span>
     <span class='ocr_line' id='line_1_19' title="bbox 327 2674 1303 2769; baseline -0.001 -25"><span class='ocrx_word' id='word_1_122' title='bbox 327 2676 524 2769; x_wconf 82' lang='lat' dir='ltr'>profitentes,</span> <span class='ocrx_word' id='word_1_123' title='bbox 543 2686 799 2765; x_wconf 86' lang='lat' dir='ltr'>persequerentur</span> <span class='ocrx_word' id='word_1_124' title='bbox 809 2686 840 2739; x_wconf 89' lang='lat' dir='ltr'>et</span> <span class='ocrx_word' id='word_1_125' title='bbox 855 2695 895 2740; x_wconf 89' lang='lat' dir='ltr'>ne</span> <span class='ocrx_word' id='word_1_126' title='bbox 913 2674 1078 2743; x_wconf 84' lang='lat' dir='ltr'>tolerarent</span> <span class='ocrx_word' id='word_1_127' title='bbox 1093 2675 1239 2768; x_wconf 69' lang='lat' dir='ltr'>quidem</span> <span class='ocrx_word' id='word_1_128' title='bbox 1252 2697 1303 2742; x_wconf 84' lang='lat' dir='ltr'>nr-</span> 
     </span>
     <span class='ocr_line' id='line_1_20' title="bbox 327 2792 1303 2874; baseline 0.002 -10"><span class='ocrx_word' id='word_1_129' title='bbox 327 2797 401 2864; x_wconf 79' lang='lat' dir='ltr'>siens</span> <span class='ocrx_word' id='word_1_130' title='bbox 417 2797 509 2864; x_wconf 87' lang='lat' dir='ltr'>simul</span> <span class='ocrx_word' id='word_1_131' title='bbox 522 2792 681 2874; x_wconf 82' lang='lat' dir='ltr'>studium,</span> <span class='ocrx_word' id='word_1_132' title='bbox 698 2792 889 2874; x_wconf 75' lang='lat' dir='ltr'>ntEthniei‚</span> <span class='ocrx_word' id='word_1_133' title='bbox 908 2793 988 2862; x_wconf 83' lang='lat' dir='ltr'>hane</span> <span class='ocrx_word' id='word_1_134' title='bbox 1007 2795 1170 2864; x_wconf 68' lang='lat' dir='ltr'>salutarem</span> <span class='ocrx_word' id='word_1_135' title='bbox 1187 2795 1303 2866; x_wconf 78' lang='lat' dir='ltr'>doetri-</span> 
     </span>
     <span class='ocr_line' id='line_1_21' title="bbox 325 2913 1303 3008; baseline 0.005 -24"><span class='ocrx_word' id='word_1_136' title='bbox 325 2939 399 2984; x_wconf 85' lang='lat' dir='ltr'>uam</span> <span class='ocrx_word' id='word_1_137' title='bbox 424 2929 489 2984; x_wconf 91' lang='lat' dir='ltr'>toto</span> <span class='ocrx_word' id='word_1_138' title='bbox 508 2915 613 2982; x_wconf 84' lang='lat' dir='ltr'>animo</span> <span class='ocrx_word' id='word_1_139' title='bbox 629 2913 779 3004; x_wconf 74' lang='lat' dir='ltr'>amplexi,</span> <span class='ocrx_word' id='word_1_140' title='bbox 799 2915 835 2980; x_wconf 79' lang='lat' dir='ltr'>ei</span> <span class='ocrx_word' id='word_1_141' title='bbox 853 2914 938 2982; x_wconf 83' lang='lat' dir='ltr'>beati</span> <span class='ocrx_word' id='word_1_142' title='bbox 956 2929 1056 2983; x_wconf 84' lang='lat' dir='ltr'>essent</span> <span class='ocrx_word' id='word_1_143' title='bbox 1074 2929 1167 3008; x_wconf 84' lang='lat' dir='ltr'>atque</span> <span class='ocrx_word' id='word_1_144' title='bbox 1186 2919 1303 2989; x_wconf 77' lang='lat' dir='ltr'>salines.</span> 
     </span>
     <span class='ocr_line' id='line_1_22' title="bbox 326 3034 1305 3125; baseline 0 -19"><span class='ocrx_word' id='word_1_145' title='bbox 326 3037 410 3106; x_wconf 80' lang='lat' dir='ltr'>Hine</span> <span class='ocrx_word' id='word_1_146' title='bbox 434 3037 469 3104; x_wconf 89' lang='lat' dir='ltr'>iu</span> <span class='ocrx_word' id='word_1_147' title='bbox 486 3034 732 3104; x_wconf 86' lang='lat' dir='ltr'>Christiaumnm</span> <span class='ocrx_word' id='word_1_148' title='bbox 750 3034 872 3125; x_wconf 81' lang='lat' dir='ltr'>placitis</span> <span class='ocrx_word' id='word_1_149' title='bbox 891 3034 1084 3104; x_wconf 74' lang='lat' dir='ltr'>vindicandis</span> <span class='ocrx_word' id='word_1_150' title='bbox 1102 3059 1165 3105; x_wconf 91' lang='lat' dir='ltr'>non</span> <span class='ocrx_word' id='word_1_151' title='bbox 1182 3051 1305 3106; x_wconf 86' lang='lat' dir='ltr'>tantum</span> 
     </span>
     <span class='ocr_line' id='line_1_23' title="bbox 327 3155 1303 3250; baseline 0.002 -26"><span class='ocrx_word' id='word_1_152' title='bbox 327 3158 367 3225; x_wconf 82' lang='lat' dir='ltr'>ad</span> <span class='ocrx_word' id='word_1_153' title='bbox 392 3159 469 3228; x_wconf 84' lang='lat' dir='ltr'>Jesn</span> <span class='ocrx_word' id='word_1_154' title='bbox 495 3169 530 3226; x_wconf 87' lang='lat' dir='ltr'>et</span> <span class='ocrx_word' id='word_1_155' title='bbox 544 3155 769 3248; x_wconf 74' lang='lat' dir='ltr'>Prophetarum</span> <span class='ocrx_word' id='word_1_156' title='bbox 788 3157 1003 3224; x_wconf 78' lang='lat' dir='ltr'>anctoritatem</span> <span class='ocrx_word' id='word_1_157' title='bbox 1022 3157 1187 3248; x_wconf 80' lang='lat' dir='ltr'>proroo&#39;at,</span> <span class='ocrx_word' id='word_1_158' title='bbox 1207 3181 1303 3250; x_wconf 72' lang='lat' dir='ltr'>argu·</span> 
     </span>
     <span class='ocr_line' id='line_1_24' title="bbox 327 3275 1305 3371; baseline 0.005 -27"><span class='ocrx_word' id='word_1_159' title='bbox 327 3289 495 3369; x_wconf 81' lang='lat' dir='ltr'>menteque</span> <span class='ocrx_word' id='word_1_160' title='bbox 514 3300 558 3344; x_wconf 85' lang='lat' dir='ltr'>er</span> <span class='ocrx_word' id='word_1_161' title='bbox 582 3277 701 3346; x_wconf 82' lang='lat' dir='ltr'>rationo</span> <span class='ocrx_word' id='word_1_162' title='bbox 729 3275 825 3367; x_wconf 84' lang='lat' dir='ltr'>petita</span> <span class='ocrx_word' id='word_1_163' title='bbox 848 3277 957 3359; x_wconf 81' lang='lat' dir='ltr'>affert,</span> <span class='ocrx_word' id='word_1_164' title='bbox 985 3299 1094 3346; x_wconf 86' lang='lat' dir='ltr'>rernm</span> <span class='ocrx_word' id='word_1_165' title='bbox 1111 3280 1224 3363; x_wconf 85' lang='lat' dir='ltr'>etiam,</span> <span class='ocrx_word' id='word_1_166' title='bbox 1241 3303 1305 3371; x_wconf 85' lang='lat' dir='ltr'>qno</span> 
     </span>
     <span class='ocr_line' id='line_1_25' title="bbox 328 3396 1305 3490; baseline 0.004 -24"><span class='ocrx_word' id='word_1_167' title='bbox 328 3399 424 3490; x_wconf 71' lang='lat' dir='ltr'>nugis</span> <span class='ocrx_word' id='word_1_168' title='bbox 443 3421 495 3468; x_wconf 92' lang='lat' dir='ltr'>eos</span> <span class='ocrx_word' id='word_1_169' title='bbox 514 3399 554 3466; x_wconf 88' lang='lat' dir='ltr'>ad</span> <span class='ocrx_word' id='word_1_170' title='bbox 573 3396 689 3468; x_wconf 88' lang='lat' dir='ltr'>Christi</span> <span class='ocrx_word' id='word_1_171' title='bbox 712 3397 806 3468; x_wconf 83' lang='lat' dir='ltr'>Saura</span> <span class='ocrx_word' id='word_1_172' title='bbox 824 3398 957 3481; x_wconf 77' lang='lat' dir='ltr'>allioiat,</span> <span class='ocrx_word' id='word_1_173' title='bbox 968 3399 1041 3466; x_wconf 74' lang='lat' dir='ltr'>reri</span> <span class='ocrx_word' id='word_1_174' title='bbox 1052 3411 1083 3466; x_wconf 84' lang='lat' dir='ltr'>et</span> <span class='ocrx_word' id='word_1_175' title='bbox 1091 3399 1215 3468; x_wconf 89' lang='lat' dir='ltr'>honesti</span> <span class='ocrx_word' id='word_1_176' title='bbox 1231 3423 1305 3470; x_wconf 85' lang='lat' dir='ltr'>aen·</span> 
     </span>
     <span class='ocr_line' id='line_1_26' title="bbox 327 3517 1306 3614; baseline -0.002 -24"><span class='ocrx_word' id='word_1_177' title='bbox 327 3543 395 3590; x_wconf 87' lang='lat' dir='ltr'>snm</span> <span class='ocrx_word' id='word_1_178' title='bbox 411 3520 536 3602; x_wconf 82' lang='lat' dir='ltr'>inuitat3</span> <span class='ocrx_word' id='word_1_179' title='bbox 551 3517 728 3610; x_wconf 85' lang='lat' dir='ltr'>Christique</span> <span class='ocrx_word' id='word_1_180' title='bbox 747 3517 919 3586; x_wconf 82' lang='lat' dir='ltr'>doctrinam</span> <span class='ocrx_word' id='word_1_181' title='bbox 934 3529 1080 3609; x_wconf 85' lang='lat' dir='ltr'>tanquam</span> <span class='ocrx_word' id='word_1_182' title='bbox 1090 3519 1306 3614; x_wconf 85' lang='lat' dir='ltr'>philosophiae</span> 
     </span>
     <span class='ocr_line' id='line_1_27' title="bbox 325 3631 1046 3734; baseline -0.006 -25"><span class='ocrx_word' id='word_1_183' title='bbox 325 3641 550 3734; x_wconf 82' lang='lat' dir='ltr'>perfectionem</span> <span class='ocrx_word' id='word_1_184' title='bbox 566 3639 723 3730; x_wconf 89' lang='lat' dir='ltr'>proponit.</span> <span class='ocrx_word' id='word_1_185' title='bbox 1037 3631 1046 3656; x_wconf 82' lang='lat'><strong><em>⁴</em></strong></span> 
     </span>
    </p>

    <p class='ocr_par' dir='ltr' id='par_1_4' title="bbox 326 3758 1305 3978">
     <span class='ocr_line' id='line_1_28' title="bbox 373 3758 1305 3852; baseline -0.004 -20"><span class='ocrx_word' id='word_1_186' title='bbox 373 3765 460 3832; x_wconf 79' lang='lat' dir='ltr'>liaeo</span> <span class='ocrx_word' id='word_1_187' title='bbox 488 3761 630 3828; x_wconf 82' lang='lat' dir='ltr'>universe</span> <span class='ocrx_word' id='word_1_188' title='bbox 650 3759 785 3852; x_wconf 84' lang='lat' dir='ltr'>praefati</span> <span class='ocrx_word' id='word_1_189' title='bbox 812 3758 852 3825; x_wconf 87' lang='lat' dir='ltr'>ad</span> <span class='ocrx_word' id='word_1_190' title='bbox 871 3759 969 3852; x_wconf 86' lang='lat' dir='ltr'>ipsam</span> <span class='ocrx_word' id='word_1_191' title='bbox 988 3771 1239 3852; x_wconf 76' lang='lat' dir='ltr'>argumentorum</span> <span class='ocrx_word' id='word_1_192' title='bbox 1254 3782 1305 3828; x_wconf 88' lang='lat' dir='ltr'>er-</span> 
     </span>
     <span class='ocr_line' id='line_1_29' title="bbox 326 3875 932 3978; baseline -0.01 -24"><span class='ocrx_word' id='word_1_193' title='bbox 326 3885 510 3978; x_wconf 86' lang='lat' dir='ltr'>positionem</span> <span class='ocrx_word' id='word_1_194' title='bbox 527 3881 702 3952; x_wconf 81' lang='lat' dir='ltr'>transimus.</span> <span class='ocrx_word' id='word_1_195' title='bbox 928 3875 932 3882; x_wconf 73' lang='grc'><strong>’</strong></span> 
     </span>
    </p>
   </div>
   <div class='ocr_carea' id='block_1_3' title="bbox 378 3987 1413 4078">
    <p class='ocr_par' dir='ltr' id='par_1_5' title="bbox 378 3987 1413 4078">
     <span class='ocr_line' id='line_1_30' title="bbox 378 3987 1413 4078; baseline -0.01 -3"><span class='ocrx_word' id='word_1_196' title='bbox 378 4005 572 4075; x_wconf 81' lang='lat' dir='ltr'>Christiani</span> <span class='ocrx_word' id='word_1_197' title='bbox 609 3987 723 4070; x_wconf 70' lang='lat' dir='ltr'>lesum</span> <span class='ocrx_word' id='word_1_198' title='bbox 762 3999 932 4070; x_wconf 79' lang='lat' dir='ltr'>Christum</span> <span class='ocrx_word' id='word_1_199' title='bbox 969 3999 1061 4066; x_wconf 74' lang='lat' dir='ltr'>hored</span> <span class='ocrx_word' id='word_1_200' title='bbox 1094 4009 1212 4066; x_wconf 85' lang='lat' dir='ltr'>temere</span> <span class='ocrx_word' id='word_1_201' title='bbox 1239 3999 1306 4066; x_wconf 75' lang='lat' dir='ltr'>lter</span> <span class='ocrx_word' id='word_1_202' title='bbox 1406 4059 1413 4078; x_wconf 83' lang='grc'>,</span> 
     </span>
    </p>
   </div>
   <div class='ocr_carea' id='block_1_4' title="bbox 325 4119 1305 4222">
    <p class='ocr_par' dir='ltr' id='par_1_6' title="bbox 325 4119 1305 4222">
     <span class='ocr_line' id='line_1_31' title="bbox 325 4119 1305 4222; baseline -0.002 -30"><span class='ocrx_word' id='word_1_203' title='bbox 325 4131 441 4194; x_wconf 83' lang='lat' dir='ltr'>instar</span> <span class='ocrx_word' id='word_1_204' title='bbox 470 4123 587 4192; x_wconf 69' lang='lat' dir='ltr'>habuit</span> <span class='ocrx_word' id='word_1_205' title='bbox 618 4121 751 4212; x_wconf 68' lang='lat' dir='ltr'>⁶jusque</span> <span class='ocrx_word' id='word_1_206' title='bbox 778 4120 963 4190; x_wconf 78' lang='lat' dir='ltr'>doctrinam</span> <span class='ocrx_word' id='word_1_207' title='bbox 993 4119 1153 4222; x_wconf 68' lang='lat' dir='ltr'>divtiritur</span> <span class='ocrx_word' id='word_1_208' title='bbox 1186 4129 1305 4190; x_wconf 83' lang='lat' dir='ltr'>ortam.</span> 
     </span>
    </p>
   </div>
   <div class='ocr_carea' id='block_1_5' title="bbox 0 0 1494 5106">
    <p class='ocr_par' dir='ltr' id='par_1_7' title="bbox 0 0 1494 5106">
     <span class='ocr_line' id='line_1_32' title="bbox 0 0 1494 5106; baseline 0 1"><span class='ocrx_word' id='word_1_209' title='bbox 0 0 1494 5106; x_wconf 95' lang='lat' dir='ltr'> </span> 
     </span>
    </p>
   </div>
  </div>
 </body>
</html>
