2978 5106
632 417 673 478 87

163 611 380 690 matrimonio,
399 610 459 676 aliu
477 611 580 677 miuus
593 623 679 676 reete
694 610 893 693 intellexerim
906 627 1009 680 tomen
1019 618 1139 706 egregie

163 747 193 800 et
221 746 292 823 epte
318 731 357 797 nd
376 733 536 798 consilium
555 754 644 797 sunm
663 729 865 799 obtinendum
883 733 1008 801 Ethioes
1029 733 1138 803 Ghris·

163 857 264 922 tianae
302 853 486 944 praestantii
515 851 673 934 indicate,
708 839 897 920 cinisiianos
935 854 1074 924 defendit
1107 871 1138 924 et

162 973 358 1042 commendet
365 998 375 1056 3
407 996 458 1040 eos
489 974 606 1064 optima
635 987 666 1040 et
693 974 846 1040 nobiliora
875 975 1000 1063 quaevis
1027 974 1138 1044 dooere

160 1095 294 1187 probans
305 1119 314 1176 ;
341 1094 432 1159 simul
452 1093 623 1184 explicans,
646 1096 701 1184 qui
719 1093 889 1162 Christiani
898 1096 973 1163 Jesu
983 1120 1136 1190 proecep-

160 1216 201 1282 tis
216 1214 405 1305 obsequendi
423 1214 542 1296 studio,
562 1215 743 1282 coelestibus
761 1216 853 1282 unice
873 1218 1005 1299 intenti,
1021 1231 1136 1286 terres-

158 1335 218 1402 tria
237 1350 269 1404 et
286 1348 416 1402 mortem
435 1335 522 1424 porri
540 1335 653 1402 ducere
672 1335 857 1426 possint(l).

205 1455 251 1524 Er
269 1457 334 1547 ipsi
360 1455 420 1522 hae
447 1453 692 1522 Christitmornm
713 1455 851 1524 doctrine
873 1460 998 1548 ejusque
1021 1459 1055 1524 in
1078 1457 1135 1527 ho·

158 1577 280 1643 minum
305 1577 422 1644 animos
448 1577 479 1642 vi
497 1591 713 1668 argumentum
732 1601 857 1670 qnoque
875 1581 956 1670 petit
975 1581 1046 1669 (2),
1072 1606 1134 1672 qno

159 1697 296 1763 divinam
324 1701 388 1787 ejus
414 1697 564 1787 originem
590 1697 733 1787 probets
755 1722 848 1790 quem
875 1714 906 1767 et
930 1701 1003 1768 inde
1028 1717 1134 1793 putere

157 1819 239 1900 vult,
259 1817 345 1907 quod
363 1818 451 1883 brevi
469 1830 500 1883 et
520 1818 736 1908 compendiosa
754 1822 873 1888 ratione
890 1819 950 1886 hoe
970 1831 1023 1906 τῆς
1046 1827 1135 1898 θείας

154 1941 261 2024 ἀρετῆς
277 1939 487 2006 διδασκαλεῖον
497 1939 545 2026 (3)
555 1930 658 2005 eJesu
667 1938 792 2007 Christo
801 1944 955 2033 prolatum
967 1943 1005 2009 sit
1018 1967 1027 2025 ;
1040 1967 1134 2034 quem

156 2082 193 2126 er
224 2059 285 2126 hoo
313 2059 380 2150 ipso
406 2082 469 2125 non
498 2068 642 2145 σοφιστὴν
671 2060 725 2127 sed
748 2064 881 2146 δύναμιν
903 2085 966 2129 esse
990 2071 1043 2129 τοῦ
1061 2072 1135 2130 θεοῦ

154 2193 262 2272 putere
285 2179 454 2249 contendit.
502 2181 569 2248 Hoc
589 2195 803 2271 argumentum
823 2182 863 2248 ed
879 2184 1035 2273 religionis
1055 2180 1131 2254 cnr.

155 2295 293 2396 ditinum
314 2302 466 2392 originem
495 2314 526 2367 et
555 2304 773 2392 praestantiam
801 2303 1016 2394 probandam,
1039 2327 1133 2395 egre-

155 2423 244 2512 gium
267 2422 331 2488 diei
350 2435 497 2491 meretur.

147 2521 148 2524 Ἴ
201 2543 342 2612 Justinus
359 2543 418 2610 huo
437 2541 672 2635 praeceptorum
691 2545 854 2610 moralium
872 2545 1132 2634 expositionem

86 2695 89 2702 ’
151 2663 257 2756 potuit
274 2687 336 2730 non
353 2663 503 2730 Judioum
523 2677 554 2730 et
572 2665 712 2730 omnium
729 2663 955 2746 Ethnieorum,
977 2664 1041 2731 nisi
1059 2687 1132 2731 om-

151 2785 202 2854 nis
230 2787 296 2852 reri
320 2797 351 2851 et
369 2785 490 2852 honesti
509 2807 610 2852 sensus
629 2785 667 2851 iis
695 2783 893 2866 obdurasset3
918 2786 1035 2852 animos
1055 2807 1132 2875 per-

147 2907 289 2988 ¹uellere,
324 2919 355 2972 et
383 2903 517 2995 quadum
537 2903 764 2972 Christianismi
780 2906 951 2972 reuerentia
970 2905 1134 2988 imbuere,

149 3050 211 3094 neo
238 3027 340 3094 minus
368 3049 418 3094 eos
445 3027 576 3092 maxime
601 3026 639 3090 de
657 3027 822 3115 iniquitate
840 3039 871 3092 et
890 3026 1039 3114 injustitia
1056 3049 1133 3094 oon-

148 3145 296 3229 rineere,
331 3147 415 3239 quod
442 3147 583 3213 homines
606 3146 705 3212 nobili
723 3169 812 3212 sensu
831 3159 862 3212 et
883 3143 1035 3210 desiderio
1054 3144 1131 3212 duo·

148 3286 219 3351 tos,
244 3270 368 3361 quaeris
385 3269 513 3335 moralia
534 3269 616 3334 bono
636 3265 780 3364 docentes
793 3277 825 3331 et
844 3279 968 3354 ugentes
979 3313 991 3347 ,
1010 3266 1082 3354 igne
1099 3279 1131 3333 et
1168 3237 1171 3264 ΙΙ

149 3391 236 3458 ferro
254 3393 414 3480 peterent!

197 3511 389 3600 Argumenta
413 3509 566 3587 vidimus,
594 3509 707 3598 quibus
724 3507 864 3574 Justinus
884 3505 1129 3572 Christianorum

151 3630 327 3729 doetrinam
354 3656 372 3696 a
399 3632 465 3698 Deo
483 3631 675 3721 profectum,
704 3649 835 3720 eamque
855 3628 954 3694 omnis
970 3625 1036 3691 reri
1052 3624 1130 3714 justi

310 4001 316 4015 .
352 4001 357 4013 .
380 3963 404 4012 4.

180 3963 222 4114 g}
238 3962 348 4112 ilgprtlgiel
360 4048 410 4096 ho'o
429 4047 532 4114 exponit
550 4061 667 4097 ortorum
687 4052 779 4096 contro
799 4044 917 4103 cetrum,
939 4043 966 4093 L.
986 4045 1008 4098 1,
1029 4045 1055 4095 2.

183 4131 223 4198 (3)
241 4131 316 4198 Apu.
334 4132 370 4182 11.
391 4131 416 4180 t.
