2978 5106
654 427 695 488 85

186 619 382 700 felicitatem,
414 641 507 708 quam
526 617 693 694 Christiani
711 643 766 710 per
786 621 884 710 ipsam
903 623 985 688 illam
1007 624 1160 692 resurrdc·
1276 609 1279 616 ¹

187 741 303 808 tionem
322 739 514 806 consecuturi
532 753 631 806 esseut
649 740 709 829 (1).
820 711 823 718 Ι

231 861 374 949 Denique
402 859 511 924 mundi
551 861 738 928 exustionem
775 861 894 952 saepius
931 877 1040 950 urget,
1079 889 1158 954 qua,

182 981 284 1072 pravis
309 980 519 1047 Daemonibus
538 995 569 1048 et
587 981 768 1072 hominibus
784 982 855 1070 igne
875 983 1002 1048 coelitus
1026 983 1158 1052 demisso

183 1100 333 1192 perditis,
354 1123 448 1170 novus
463 1100 596 1168 mundus
616 1101 777 1168 exstiturus
796 1114 895 1181 esset,
919 1100 952 1166 in
973 1125 1034 1190 quo
1052 1100 1157 1172 Chris-

185 1221 282 1303 tiani,
303 1243 574 1302 numerosorum,
595 1221 650 1311 qui
669 1219 791 1290 Christo
809 1221 904 1286 fidem
924 1219 1060 1286 habituri
1080 1223 1156 1304 sint,

183 1342 321 1431 expleto,
347 1364 440 1431 quam
458 1342 589 1408 maxime
607 1341 708 1408 forent
727 1341 822 1410 beati.

231 1459 300 1526 Hoc
318 1457 466 1549 placitum
481 1457 736 1550 dupliciconsilio
747 1473 868 1542 tuetur,
879 1485 950 1530 cnm
961 1465 1000 1532 ad
1009 1465 1157 1534 Ethnicos

184 1579 360 1660 terrendos,
378 1589 446 1646 tum
456 1578 495 1645 ad
505 1579 586 1670 ipsos
603 1577 792 1647 Christianos
803 1581 1029 1666 defendendos,
1040 1588 1157 1677 quippe

184 1699 240 1790 qui
258 1701 385 1788 injustos
403 1701 496 1766 semel
514 1698 670 1790 perditum
689 1701 749 1781 iri,
777 1701 844 1790 pios
866 1727 938 1772 vero
962 1707 1066 1773 beatos
1091 1707 1157 1772 fore

180 1821 311 1890 seientes
321 1869 331 1902 ,
355 1821 446 1888 facile
464 1820 615 1888 constanti
634 1820 737 1886 auimo
756 1824 859 1889 omnia
878 1825 1067 1914 perferrent,
1089 1849 1155 1892 car-

183 1963 287 2006 cerem
305 1953 337 2006 et
354 1953 486 2006 mortem
505 1939 593 2030 parsi
611 1938 771 2008 ducerent.

226 2059 331 2150 Atque
356 2058 405 2130 bis
433 2057 560 2149 quidem
579 2058 700 2148 placitis
719 2058 901 2149 dogmaticis
919 2062 1104 2152 exponendis
1125 2078 1155 2130 et

178 2161 393 2258 uindicandis,
414 2176 660 2246 Christianorum
687 2176 860 2246 doctrinam
881 2181 1023 2271 ipsosque
1049 2180 1156 2250 Chris-

180 2301 279 2368 tianos
298 2296 464 2364 defendere
484 2310 516 2364 et
533 2296 749 2363 commendare
769 2312 908 2370 conatur.

224 2416 314 2484 Idem
334 2416 474 2484 obtinere
501 2417 619 2496 soluit,
646 2415 702 2482 ubi
721 2415 860 2484 Plact'ta
883 2418 1154 2488 Christianorum
1233 2429 1236 2436 ’

179 2543 327 2608 moralia
345 2541 432 2608 affert
454 2541 515 2630 (2).

225 2661 414 2743 Christiani,
446 2662 583 2728 Deorum
612 2662 698 2728 cultu
725 2660 865 2741 deserto,
890 2659 1061 2726 doctrinam
1079 2681 1150 2724 arn-

174 2783 258 2875 plexi
274 2806 337 2850 esse
357 2756 580 2863 censebantur,
601 2803 680 2872 quae
700 2804 763 2846 non
782 2793 902 2850 tantum
912 2781 993 2848 Deos
1012 2793 1151 2846 contem-

173 2927 271 2986 nere,
301 2927 408 2970 serum
437 2903 531 2970 ctiam
549 2925 599 2968 cos
619 2901 750 2993 pessime
768 2903 881 2968 sentire
899 2915 930 2968 ct
950 2923 1039 2990 agere
1058 2901 1151 2968 doce·

165 3038 234 3092 ret.
294 3022 491 3091 Contrarium
514 3025 579 3112 jam
610 3021 839 3111 quodammodo
867 3043 903 3086 ex
931 3022 1004 3110 ipsis
1027 3022 1153 3112 placitis

171 3143 377 3235 dogmaticis,
408 3144 541 3208 maxime
567 3163 640 3208 sero
664 3163 700 3206 ex
720 3140 793 3230 ipsis
812 3126 1057 3208 Christianorum
1078 3140 1150 3230 pla-

169 3266 243 3334 oitis
261 3264 428 3330 moralibus
445 3264 584 3330 tustinus
603 3261 768 3352 probatum
787 3261 892 3328 voluit.
1074 3255 1078 3268 '

216 3385 360 3452 Huncin
380 3385 475 3450 finem
495 3407 556 3450 non
574 3381 651 3448 adeo
668 3383 820 3473 integram
841 3377 956 3446 Christi
975 3378 1146 3446 doctrinam

168 3504 314 3585 exhibet,
330 3504 382 3571 sed
401 3527 437 3570 ea
455 3503 597 3596 inprimis
606 3525 728 3568 morum
739 3513 923 3592 praecepta,
934 3523 1013 3590 quae
1023 3499 1147 3588 religio·
1174 3481 1177 3487 ¹

167 3625 218 3692 nis
248 3621 442 3692 Christianae
471 3639 538 3692 sunt
562 3622 829 3702 characteristica,
854 3621 945 3710 eique
972 3620 1097 3709 propria
1116 3631 1147 3684 et

169 3744 279 3836 priva,
298 3745 625 3839 criminationibusque
634 3741 803 3810 refutandis
814 3763 908 3830 quam
919 3738 1144 3828 maximeapta.

197 4041 237 4108 (l)
255 4041 330 4106 Apol.
351 4042 371 4091 1.
394 4042 435 4090 18.

199 4127 238 4192 (2)
258 4126 333 4193 spot.
354 4128 375 4179 1.
398 4119 439 4176 1‘4.
