2978 5106
620 447 662 510 73

144 651 322 719 liciniorum
338 647 480 719 'divinam
492 645 650 736 'originem
669 635 845 710 evincerent
856 639 882 723 ‚'
897 662 995 734 quam
1014 647 1126 736 quibua
1190 662 1192 666 ’

144 772 273 864 gentiles
302 769 390 836 idem
409 768 449 834 de
472 766 613 835 Oraordis
632 763 823 856 probarent,
844 759 961 831 'afferre
979 770 1123 856 possent}

143 892 311 984 praecipue
329 911 427 981 quum
446 887 557 980 plnres
570 885 698 954 llthnioi
722 883 762 951 de
779 905 906 952 suorum
926 881 1129 956 oraculorum

144 1013 276 1079 veritate
297 1011 478 1080 dubitarent
486 1009 552 1098 (l)

189 1134 235 1199 Er
262 1132 353 1198 dictis
370 1125 581 1220 intelligitur,
603 1149 699 1219 qnare
717 1127 860 1194 lustinus
879 1125 940 1193 hoo
959 1125 1128 1218 argumen-

142 1266 210 1318 tum
229 1252 369 1333 omnium
391 1249 535 1316 habuerit
554 1247 1059 1340 gravissimnm'oopiosissimeqae
1074 1269 1126 1315 er-

142 1372 302 1462 posuerit,
337 1393 410 1437 eum
432 1369 472 1435 ad
491 1382 588 1437 totam
608 1365 856 1435 Christianorum
875 1389 942 1433 rem
961 1367 1127 1435 indicna,

142 1490 235 1572 darn,
252 1503 320 1556 tum
339 1490 481 1581 inprimis
499 1488 539 1556 ad
557 1487 716 1569 tollenda,
737 1489 824 1578 quae'
838 1486 981 1555 Ethniois
998 1490 1032 1554 in
1049 1490 1127 1556 Jesu

139 1612 449 1704 persona'offeirsioni
460 1611 589 1692 'essen‘t3
616 1609 770 1676 efficacius
788 1611 873 1678 enim
885 1609 1016 1678 Justino
1032 1615 1126 1702 ¹er'gu-

140 1738 286 1800 mentum
304 1746 427 1822 praesto
446 1755 590 1799 essenon
608 1744 751 1822 poterat,
772 1753 866 1830 qnam
886 1730 931 1812 si,
955 1731 1126 1822 Apostolo-

143 1877 214 1920 rum
234 1853 394 1943 exemplo,
415 1853 538 1934 omnia,
559 1875 639 1944 qnae
649 1852 725 1919 Jesu
735 1850 912 1918 acciderant
922 1901 933 1932 ‚
954 1853 1127 1944 anteprae-

145 1975 228 2064 dieta
256 1995 320 2047 esse
347 1971 545 2055 ostenderet,
574 1974 618 2039 ita
645 1987 680 2041 ut
707 1973 817 2041 Jecurn
845 1974 906 2042 Ilei
934 1973 1126 2042 filiumnou

143 2095 236 2164 tuisse
264 2097 435 2176 constaret,
469 2094 529 2161 nisi
557 2093 698 2186 singula,
727 2107 800 2162 ante
828 2093 868 2161 de
882 2096 926 2160 'eo
946 2094 1125 2185 praedicta,
1163 2095 1165 2100 ’

142 2215 240 2305 ipsius
261 2215 331 2281 fatis
353 2217 453 2282 essent
472 2214 748 2306 comprobata'(2).'

186 2335 349 2425 Ingentem
376 2336 594 2422 vaticiniorum
622 2337 745 2427 copiam
762 2337 1044 2428 etProplretarum',
1068 2329 1125 2405 de*

143 2456 225 2522 seiae
244 2457 406 2538 manime,
441 2457 564 2547 scriptio
593 2457 680 2523 affert
708 2456 779 2546 (3),
810 2457 923 2547 quibus
953 2459 1057 2524 omnia
1072 2455 1126 2524 'de
1168 2515 1172 2534 ,

141 2577 287 2644 Jesunoi
305 2578 370 2644 filiu
389 2581 516 2668 ejusque
534 2579 622 2669 regni
644 2577 1126 2659 tam','deltaemouibus‚1tth-

141 2696 285 2763 nieorum
311 2710 342 2765 et
357 2697 550 2766 Judaeornm
568 2699 702 2764 manime
720 2681 941 2766 incredulitate
955 2699 1126 2789 poenisque

141 2815 212 2888 ideo
241 2819 283 2884 ub'
310 2818 347 2885 iis
363 2818 560 2910 repetendis,
588 2819 628 2886 de
645 2819 874 2886 calamitatibus
892 2820 985 2901 item,
1011 2819 1125 2910 quibas

144 2933 314 3003 Christiani
329 2953 563 3028 premerentur,
574 2940 734 3032 praedicte
743 2940 864 3024 eredit,
880 2965 960 3032 qnae
969 2939 1126 3032 postrema

142 3056 263 3146 saepius
297 3080 334 3125 eo
363 3061 496 3126 maxime
522 3062 649 3130 oonsilio
677 3075 785 3153 urget,
821 3083 892 3128 eum
920 3075 955 3129 ut
983 3059 1125 3128 Ethnrois

142 3191 292 3246 terrorem
313 3179 466 3264 incutiat,
490 3183 559 3249 tum
576 3195 611 3249 nt
630 3182 854 3274 ipris'erplicet
866 3203 888 3264 ,’
901 3179 1004 3272 quare'
1018 3178 1125 3250 Chris-

142 3299 237 3381 tiani,
257 3301 389 3391 quiDeo
406 3315 567 3370 uterentur
583 3303 707 3384 amieo,
728 3302 805 3370 adeo
814 3303 916 3394 premi
925 3271 1050 3393 possent
1061 3302 1124 3391 (4).

145 3423 164 3462 -’
189 3418 272 3485 Dum
291 3419 373 3490 haec
386 3424 533 3490 vaticinia
553 3425 664 3515 allegat
674 3474 684 3506 ,
705 3423 875 3506 continuo,
894 3445 975 3514 quae
994 3422 1034 3490 ad
1050 3445 1124 3490 auo-

139 3541 298 3612 toritatem
327 3542 464 3611 divinam
493 3546 531 3614 iis
556 3545 782 3614 conciliandam
800 3558 831 3613 et
850 3545 891 3611 ad
910 3568 1017 3612 eorum
1036 3544 1122 3610 veri-

139 3646 237 3740 tatem
262 3664 456 3754 probandam
479 3668 620 3753 faciunt,
639 3667 832 3760 interponit,
854 3667 898 3736 ita
917 3666 1069 3758 quidem,
1086 3671 1122 3732 ut

158 3897 210 3976 Ι(1)
229 3911 346 3962 Narrare
362 3909 381 3963 l.
398 3930 422 3963 e.
441 3931 467 3978 p.
488 3913 519 3962 13
535 3930 592 3978 eqq.

166 3993 207 4055 (2)
225 3993 263 4043 ssl'.
284 3993 361 4060 Apol.
381 3989 410 4047 Ι.Ι
423 3991 539 4057 30,’58.

167 4078 207 4144 (3)
226 4079 301 4144 Apol.
323 4083 344 4132 1.
364 4083 398 4132 ³2
415 4099 473 4148 sqq.

172 4163 212 4229 (4)
229 4163 305 4229 Apol.
326 4167 361 4216 ll.
381 4169 407 4220 θ.
