<?xml version="1.0" encoding="UTF-8"?>
<!DOCTYPE html PUBLIC "-//W3C//DTD XHTML 1.0 Transitional//EN"
    "http://www.w3.org/TR/xhtml1/DTD/xhtml1-transitional.dtd">
<html xmlns="http://www.w3.org/1999/xhtml" xml:lang="en" lang="en">
 <head>
  <title>
</title>
<meta http-equiv="Content-Type" content="text/html;charset=utf-8" />
  <meta name='ocr-system' content='tesseract 3.04.00' />
  <meta name='ocr-capabilities' content='ocr_page ocr_carea ocr_par ocr_line ocrx_word'/>
</head>
<body>
  <div class='ocr_page' id='page_1' title='image "./dejustinomartyr00junigoog_0102.png"; bbox 0 0 2978 5106; ppageno 0'>
   <div class='ocr_carea' id='block_1_1' title="bbox 822 394 864 456">
    <p class='ocr_par' dir='ltr' id='par_1_1' title="bbox 822 394 864 456">
     <span class='ocr_line' id='line_1_1' title="bbox 822 394 864 456; baseline 0 0"><span class='ocrx_word' id='word_1_1' title='bbox 822 394 864 456; x_wconf 86' lang='grc'>88</span> 
     </span>
    </p>
   </div>
   <div class='ocr_carea' id='block_1_2' title="bbox 269 586 1331 3810">
    <p class='ocr_par' dir='ltr' id='par_1_2' title="bbox 358 586 1330 899">
     <span class='ocr_line' id='line_1_2' title="bbox 360 586 1330 680; baseline 0 -23"><span class='ocrx_word' id='word_1_2' title='bbox 360 604 391 659; x_wconf 89' lang='lat' dir='ltr'>et</span> <span class='ocrx_word' id='word_1_3' title='bbox 409 591 530 658; x_wconf 78' lang='lat' dir='ltr'><strong>honesti</strong></span> <span class='ocrx_word' id='word_1_4' title='bbox 548 589 686 668; x_wconf 85' lang='lat' dir='ltr'>fontem,</span> <span class='ocrx_word' id='word_1_5' title='bbox 707 586 895 655; x_wconf 79' lang='lat' dir='ltr'>Christianos</span> <span class='ocrx_word' id='word_1_6' title='bbox 913 587 1049 655; x_wconf 84' lang='lat' dir='ltr'>obhnne</span> <span class='ocrx_word' id='word_1_7' title='bbox 1068 611 1154 656; x_wconf 86' lang='lat' dir='ltr'>susm</span> <span class='ocrx_word' id='word_1_8' title='bbox 1168 589 1330 680; x_wconf 87' lang='lat' dir='ltr'>professio-</span> 
     </span>
     <span class='ocr_line' id='line_1_3' title="bbox 358 707 1330 800; baseline 0 -22"><span class='ocrx_word' id='word_1_9' title='bbox 358 733 430 778; x_wconf 92' lang='lat' dir='ltr'>nem</span> <span class='ocrx_word' id='word_1_10' title='bbox 452 710 589 776; x_wconf 83' lang='lat' dir='ltr'>defensos</span> <span class='ocrx_word' id='word_1_11' title='bbox 606 721 638 775; x_wconf 88' lang='lat' dir='ltr'>et</span> <span class='ocrx_word' id='word_1_12' title='bbox 654 707 813 790; x_wconf 78' lang='lat' dir='ltr'>laudatos,</span> <span class='ocrx_word' id='word_1_13' title='bbox 838 709 934 800; x_wconf 85' lang='lat' dir='ltr'>ipsum</span> <span class='ocrx_word' id='word_1_14' title='bbox 958 707 1092 799; x_wconf 88' lang='lat' dir='ltr'>denique</span> <span class='ocrx_word' id='word_1_15' title='bbox 1117 707 1235 778; x_wconf 76' lang='lat' dir='ltr'><strong>Christi</strong></span> <span class='ocrx_word' id='word_1_16' title='bbox 1254 709 1330 778; x_wconf 86' lang='lat' dir='ltr'>doe·</span> 
     </span>
     <span class='ocr_line' id='line_1_4' title="bbox 359 826 1031 899; baseline -0.004 0"><span class='ocrx_word' id='word_1_17' title='bbox 359 832 471 899; x_wconf 76' lang='lat' dir='ltr'>trinam</span> <span class='ocrx_word' id='word_1_18' title='bbox 490 829 630 896; x_wconf 79' lang='lat' dir='ltr'>Ethniois</span> <span class='ocrx_word' id='word_1_19' title='bbox 647 826 893 896; x_wconf 77' lang='lat' dir='ltr'>commendatum</span> <span class='ocrx_word' id='word_1_20' title='bbox 908 830 1031 898; x_wconf 52' lang='lat' dir='ltr'>voluit:</span> 
     </span>
    </p>

    <p class='ocr_par' dir='ltr' id='par_1_3' title="bbox 360 949 1330 1140">
     <span class='ocr_line' id='line_1_5' title="bbox 406 949 1330 1042; baseline -0.002 -22"><span class='ocrx_word' id='word_1_21' title='bbox 406 951 551 1042; x_wconf 87' lang='lat' dir='ltr'><strong>Superest</strong></span> <span class='ocrx_word' id='word_1_22' title='bbox 577 963 612 1016; x_wconf 92' lang='lat' dir='ltr'>ut</span> <span class='ocrx_word' id='word_1_23' title='bbox 633 949 672 1015; x_wconf 93' lang='lat' dir='ltr'>de</span> <span class='ocrx_word' id='word_1_24' title='bbox 691 949 750 1016; x_wconf 83' lang='lat' dir='ltr'>alin</span> <span class='ocrx_word' id='word_1_25' title='bbox 769 951 887 1018; x_wconf 79' lang='lat' dir='ltr'>ratione</span> <span class='ocrx_word' id='word_1_26' title='bbox 910 949 1067 1018; x_wconf 79' lang='lat' dir='ltr'>rideamus</span> <span class='ocrx_word' id='word_1_27' title='bbox 1078 999 1088 1031; x_wconf 91' lang='lat'><strong><em>‚</em></strong></span> <span class='ocrx_word' id='word_1_28' title='bbox 1114 951 1173 1041; x_wconf 83' lang='lat' dir='ltr'>qut</span> <span class='ocrx_word' id='word_1_29' title='bbox 1193 949 1330 1018; x_wconf 77' lang='lat' dir='ltr'>lustinus</span> 
     </span>
     <span class='ocr_line' id='line_1_6' title="bbox 360 1071 987 1140; baseline 0.002 -2"><span class='ocrx_word' id='word_1_30' title='bbox 360 1071 492 1140; x_wconf 88' lang='lat' dir='ltr'>eundem</span> <span class='ocrx_word' id='word_1_31' title='bbox 511 1072 606 1137; x_wconf 86' lang='lat' dir='ltr'>linem</span> <span class='ocrx_word' id='word_1_32' title='bbox 629 1071 769 1138; x_wconf 87' lang='lat' dir='ltr'>obtinere</span> <span class='ocrx_word' id='word_1_33' title='bbox 789 1084 914 1138; x_wconf 80' lang='lat' dir='ltr'>conatus</span> <span class='ocrx_word' id='word_1_34' title='bbox 931 1083 987 1139; x_wconf 89' lang='lat' dir='ltr'>est.</span> 
     </span>
    </p>

    <p class='ocr_par' dir='ltr' id='par_1_4' title="bbox 269 1188 1329 1764">
     <span class='ocr_line' id='line_1_7' title="bbox 404 1188 1328 1277; baseline -0.005 -16"><span class='ocrx_word' id='word_1_35' title='bbox 404 1192 531 1260; x_wconf 79' lang='lat' dir='ltr'>Ethnioi</span> <span class='ocrx_word' id='word_1_36' title='bbox 549 1203 684 1277; x_wconf 80' lang='lat' dir='ltr'>mentem</span> <span class='ocrx_word' id='word_1_37' title='bbox 702 1213 764 1256; x_wconf 88' lang='lat' dir='ltr'>nre</span> <span class='ocrx_word' id='word_1_38' title='bbox 776 1188 949 1258; x_wconf 74' lang='lat' dir='ltr'>Christiane</span> <span class='ocrx_word' id='word_1_39' title='bbox 966 1191 1328 1272; x_wconf 82' lang='lat' dir='ltr'>hebebantslieuiorem,</span> 
     </span>
     <span class='ocr_line' id='line_1_8' title="bbox 359 1297 1328 1405; baseline -0.003 -24"><span class='ocrx_word' id='word_1_40' title='bbox 359 1313 433 1405; x_wconf 83' lang='lat' dir='ltr'>quia</span> <span class='ocrx_word' id='word_1_41' title='bbox 471 1297 598 1403; x_wconf 76' lang='lat' dir='ltr'>simplex</span> <span class='ocrx_word' id='word_1_42' title='bbox 635 1310 880 1379; x_wconf 75' lang='lat' dir='ltr'>Christianorum</span> <span class='ocrx_word' id='word_1_43' title='bbox 915 1310 1055 1379; x_wconf 82' lang='lat' dir='ltr'>doctrine</span> <span class='ocrx_word' id='word_1_44' title='bbox 1083 1334 1204 1401; x_wconf 90' lang='lat' dir='ltr'>prorsus</span> <span class='ocrx_word' id='word_1_45' title='bbox 1233 1333 1328 1392; x_wconf 80' lang='lat' dir='ltr'>nore,</span> 
     </span>
     <span class='ocr_line' id='line_1_9' title="bbox 358 1429 1328 1522; baseline -0.005 -22"><span class='ocrx_word' id='word_1_46' title='bbox 358 1455 481 1500; x_wconf 85' lang='lat' dir='ltr'>suorum</span> <span class='ocrx_word' id='word_1_47' title='bbox 509 1429 764 1522; x_wconf 87' lang='lat' dir='ltr'>philosophorum</span> <span class='ocrx_word' id='word_1_48' title='bbox 792 1431 912 1522; x_wconf 79' lang='lat' dir='ltr'>placitis</span> <span class='ocrx_word' id='word_1_49' title='bbox 941 1432 1094 1498; x_wconf 84' lang='lat' dir='ltr'>contrarie</span> <span class='ocrx_word' id='word_1_50' title='bbox 1106 1480 1116 1512; x_wconf 92' lang='lat'><strong><em>,</em></strong></span> <span class='ocrx_word' id='word_1_51' title='bbox 1139 1453 1179 1498; x_wconf 90' lang='lat' dir='ltr'>ne</span> <span class='ocrx_word' id='word_1_52' title='bbox 1196 1430 1328 1521; x_wconf 87' lang='lat' dir='ltr'>speeiem</span> 
     </span>
     <span class='ocr_line' id='line_1_10' title="bbox 357 1551 1329 1646; baseline -0.002 -26"><span class='ocrx_word' id='word_1_53' title='bbox 357 1552 484 1646; x_wconf 87' lang='lat' dir='ltr'>quidem</span> <span class='ocrx_word' id='word_1_54' title='bbox 502 1551 715 1642; x_wconf 78' lang='lat' dir='ltr'>philosophiae</span> <span class='ocrx_word' id='word_1_55' title='bbox 734 1553 867 1634; x_wconf 84' lang='lat' dir='ltr'>habere,</span> <span class='ocrx_word' id='word_1_56' title='bbox 886 1573 944 1619; x_wconf 92' lang='lat' dir='ltr'>neo</span> <span class='ocrx_word' id='word_1_57' title='bbox 955 1551 1144 1643; x_wconf 88' lang='lat' dir='ltr'>philosophis</span> <span class='ocrx_word' id='word_1_58' title='bbox 1153 1551 1329 1618; x_wconf 78' lang='lat' dir='ltr'>meditatio·</span> 
     </span>
     <span class='ocr_line' id='line_1_11' title="bbox 269 1653 922 1764; baseline 0.005 -24"><span class='ocrx_word' id='word_1_59' title='bbox 269 1653 271 1671; x_wconf 48' lang='lat'><em>&#39;</em></span> <span class='ocrx_word' id='word_1_60' title='bbox 356 1674 450 1740; x_wconf 90' lang='lat' dir='ltr'>nibus</span> <span class='ocrx_word' id='word_1_61' title='bbox 467 1695 569 1739; x_wconf 80' lang='lat' dir='ltr'>ensem</span> <span class='ocrx_word' id='word_1_62' title='bbox 589 1672 663 1738; x_wconf 85' lang='lat' dir='ltr'>dure</span> <span class='ocrx_word' id='word_1_63' title='bbox 680 1674 922 1764; x_wconf 75' lang='lat' dir='ltr'>pervulgarettm</span> 
     </span>
    </p>

    <p class='ocr_par' dir='ltr' id='par_1_5' title="bbox 350 1792 1330 2730">
     <span class='ocr_line' id='line_1_12' title="bbox 404 1792 1328 1884; baseline -0.001 -23"><span class='ocrx_word' id='word_1_64' title='bbox 404 1794 449 1862; x_wconf 89' lang='lat' dir='ltr'>Ut</span> <span class='ocrx_word' id='word_1_65' title='bbox 467 1792 528 1860; x_wconf 89' lang='lat' dir='ltr'>hoo</span> <span class='ocrx_word' id='word_1_66' title='bbox 546 1815 669 1884; x_wconf 89' lang='lat' dir='ltr'>quoque</span> <span class='ocrx_word' id='word_1_67' title='bbox 687 1795 812 1860; x_wconf 88' lang='lat' dir='ltr'>nomine</span> <span class='ocrx_word' id='word_1_68' title='bbox 831 1794 972 1862; x_wconf 80' lang='lat' dir='ltr'>Ethniois</span> <span class='ocrx_word' id='word_1_69' title='bbox 986 1793 1183 1864; x_wconf 80' lang='lat' dir='ltr'>offensionem</span> <span class='ocrx_word' id='word_1_70' title='bbox 1200 1793 1328 1874; x_wconf 82' lang='lat' dir='ltr'>eximet,</span> 
     </span>
     <span class='ocr_line' id='line_1_13' title="bbox 357 1912 1330 2004; baseline -0.001 -23"><span class='ocrx_word' id='word_1_71' title='bbox 357 1913 497 1981; x_wconf 85' lang='lat' dir='ltr'>Justinus</span> <span class='ocrx_word' id='word_1_72' title='bbox 521 1912 750 1981; x_wconf 78' lang='lat' dir='ltr'>Christianam</span> <span class='ocrx_word' id='word_1_73' title='bbox 774 1913 960 1980; x_wconf 80' lang='lat' dir='ltr'><em>doctrinam</em></span> <span class='ocrx_word' id='word_1_74' title='bbox 989 1922 1145 2004; x_wconf 80' lang='lat' dir='ltr'>tanquam</span> <span class='ocrx_word' id='word_1_75' title='bbox 1171 1913 1330 1990; x_wconf 80' lang='lat' dir='ltr'>Philoso-</span> 
     </span>
     <span class='ocr_line' id='line_1_14' title="bbox 350 2034 1328 2127; baseline 0.003 -28"><span class='ocrx_word' id='word_1_76' title='bbox 350 2034 471 2127; x_wconf 82' lang='lat' dir='ltr'>phiam</span> <span class='ocrx_word' id='word_1_77' title='bbox 483 2083 493 2115; x_wconf 88' lang='lat'><strong><em>,</em></strong></span> <span class='ocrx_word' id='word_1_78' title='bbox 526 2056 660 2123; x_wconf 78' lang='lat' dir='ltr'>eamque</span> <span class='ocrx_word' id='word_1_79' title='bbox 687 2057 758 2100; x_wconf 80' lang='lat' dir='ltr'>essm</span> <span class='ocrx_word' id='word_1_80' title='bbox 786 2058 826 2102; x_wconf 82' lang='lat' dir='ltr'>ea</span> <span class='ocrx_word' id='word_1_81' title='bbox 854 2035 1055 2102; x_wconf 73' lang='lat' dir='ltr'>Graecorum</span> <span class='ocrx_word' id='word_1_82' title='bbox 1072 2038 1180 2102; x_wconf 79' lang='lat' dir='ltr'>amice·</span> <span class='ocrx_word' id='word_1_83' title='bbox 1195 2039 1328 2126; x_wconf 81' lang='lat' dir='ltr'>conspi-</span> 
     </span>
     <span class='ocr_line' id='line_1_15' title="bbox 357 2131 1329 2247; baseline 0.002 -27"><span class='ocrx_word' id='word_1_84' title='bbox 357 2163 508 2236; x_wconf 79' lang='lat' dir='ltr'>rantem,</span> <span class='ocrx_word' id='word_1_85' title='bbox 532 2156 634 2222; x_wconf 83' lang='lat' dir='ltr'>simui</span> <span class='ocrx_word' id='word_1_86' title='bbox 648 2177 726 2221; x_wconf 83' lang='lat' dir='ltr'>nero</span> <span class='ocrx_word' id='word_1_87' title='bbox 746 2155 809 2220; x_wconf 78' lang='lat' dir='ltr'>tac</span> <span class='ocrx_word' id='word_1_88' title='bbox 827 2157 928 2221; x_wconf 81' lang='lat' dir='ltr'>multo</span> <span class='ocrx_word' id='word_1_89' title='bbox 939 2131 1176 2247; x_wconf 72' lang='lat' dir='ltr'>perferiioi&#39;em</span> <span class='ocrx_word' id='word_1_90' title='bbox 1187 2163 1219 2220; x_wconf 83' lang='lat' dir='ltr'>ei</span> <span class='ocrx_word' id='word_1_91' title='bbox 1229 2155 1329 2222; x_wconf 78' lang='lat' dir='ltr'>subli-</span> 
     </span>
     <span class='ocr_line' id='line_1_16' title="bbox 355 2273 1330 2366; baseline 0.004 -26"><span class='ocrx_word' id='word_1_92' title='bbox 355 2276 513 2356; x_wconf 85' lang='lat' dir='ltr'>miorem,</span> <span class='ocrx_word' id='word_1_93' title='bbox 538 2296 711 2366; x_wconf 80' lang='lat' dir='ltr'>proponere</span> <span class='ocrx_word' id='word_1_94' title='bbox 728 2275 825 2357; x_wconf 83' lang='lat' dir='ltr'>solet3</span> <span class='ocrx_word' id='word_1_95' title='bbox 849 2299 911 2366; x_wconf 91' lang='lat' dir='ltr'>quo</span> <span class='ocrx_word' id='word_1_96' title='bbox 928 2274 1009 2341; x_wconf 87' lang='lat' dir='ltr'>nihil</span> <span class='ocrx_word' id='word_1_97' title='bbox 1030 2297 1101 2342; x_wconf 84' lang='lat' dir='ltr'>sene</span> <span class='ocrx_word' id='word_1_98' title='bbox 1120 2277 1151 2342; x_wconf 93' lang='lat' dir='ltr'>ei</span> <span class='ocrx_word' id='word_1_99' title='bbox 1163 2273 1330 2366; x_wconf 86' lang='lat' dir='ltr'>jucundius</span> 
     </span>
     <span class='ocr_line' id='line_1_17' title="bbox 356 2394 1328 2486; baseline 0.002 -24"><span class='ocrx_word' id='word_1_100' title='bbox 356 2394 498 2462; x_wconf 80' lang='lat' dir='ltr'>occidere</span> <span class='ocrx_word' id='word_1_101' title='bbox 516 2407 658 2486; x_wconf 84' lang='lat' dir='ltr'>poteret,</span> <span class='ocrx_word' id='word_1_102' title='bbox 683 2417 780 2484; x_wconf 85' lang='lat' dir='ltr'>quum</span> <span class='ocrx_word' id='word_1_103' title='bbox 799 2395 885 2486; x_wconf 90' lang='lat' dir='ltr'>ipse,</span> <span class='ocrx_word' id='word_1_104' title='bbox 909 2396 1026 2463; x_wconf 83' lang='lat' dir='ltr'>collatis</span> <span class='ocrx_word' id='word_1_105' title='bbox 1045 2397 1125 2462; x_wconf 91' lang='lat' dir='ltr'>inter</span> <span class='ocrx_word' id='word_1_106' title='bbox 1141 2419 1172 2464; x_wconf 85' lang='lat' dir='ltr'>se</span> <span class='ocrx_word' id='word_1_107' title='bbox 1189 2396 1328 2486; x_wconf 91' lang='lat' dir='ltr'>philoso-</span> 
     </span>
     <span class='ocr_line' id='line_1_18' title="bbox 356 2512 1328 2608; baseline 0.003 -26"><span class='ocrx_word' id='word_1_108' title='bbox 356 2513 492 2606; x_wconf 91' lang='lat' dir='ltr'>phorum</span> <span class='ocrx_word' id='word_1_109' title='bbox 511 2529 542 2582; x_wconf 90' lang='lat' dir='ltr'>et</span> <span class='ocrx_word' id='word_1_110' title='bbox 553 2512 802 2581; x_wconf 80' lang='lat' dir='ltr'>Christianorum</span> <span class='ocrx_word' id='word_1_111' title='bbox 812 2515 951 2606; x_wconf 77' lang='lat' dir='ltr'>placitis,</span> <span class='ocrx_word' id='word_1_112' title='bbox 969 2515 1078 2606; x_wconf 86' lang='lat' dir='ltr'>hisque</span> <span class='ocrx_word' id='word_1_113' title='bbox 1086 2517 1176 2608; x_wconf 78' lang='lat' dir='ltr'>longe</span> <span class='ocrx_word' id='word_1_114' title='bbox 1186 2539 1261 2608; x_wconf 85' lang='lat' dir='ltr'>pree</span> <span class='ocrx_word' id='word_1_115' title='bbox 1270 2519 1328 2585; x_wconf 87' lang='lat' dir='ltr'>illis</span> 
     </span>
     <span class='ocr_line' id='line_1_19' title="bbox 356 2633 1325 2730; baseline 0.007 -29"><span class='ocrx_word' id='word_1_116' title='bbox 356 2635 629 2727; x_wconf 79' lang='lat' dir='ltr'>praestantioribus</span> <span class='ocrx_word' id='word_1_117' title='bbox 649 2637 836 2726; x_wconf 89' lang='lat' dir='ltr'>oompertis,</span> <span class='ocrx_word' id='word_1_118' title='bbox 861 2633 1033 2704; x_wconf 75' lang='lat' dir='ltr'>Christiana</span> <span class='ocrx_word' id='word_1_119' title='bbox 1051 2659 1134 2704; x_wconf 82' lang='lat' dir='ltr'>suoru</span> <span class='ocrx_word' id='word_1_120' title='bbox 1151 2639 1325 2730; x_wconf 82' lang='lat' dir='ltr'>recepisset.</span> 
     </span>
    </p>

    <p class='ocr_par' dir='ltr' id='par_1_6' title="bbox 355 2757 1331 3810">
     <span class='ocr_line' id='line_1_20' title="bbox 399 2757 1328 2848; baseline 0.005 -25"><span class='ocrx_word' id='word_1_121' title='bbox 399 2757 473 2842; x_wconf 84' lang='lat' dir='ltr'>Jam</span> <span class='ocrx_word' id='word_1_122' title='bbox 492 2778 582 2846; x_wconf 79' lang='lat' dir='ltr'>supra</span> <span class='ocrx_word' id='word_1_123' title='bbox 595 2757 641 2845; x_wconf 85' lang='lat'>(1)</span> <span class='ocrx_word' id='word_1_124' title='bbox 662 2757 863 2846; x_wconf 86' lang='lat' dir='ltr'>explicuimus</span> <span class='ocrx_word' id='word_1_125' title='bbox 882 2771 1077 2848; x_wconf 80' lang='lat' dir='ltr'>argumente,</span> <span class='ocrx_word' id='word_1_126' title='bbox 1100 2758 1213 2848; x_wconf 88' lang='lat' dir='ltr'>quibus</span> <span class='ocrx_word' id='word_1_127' title='bbox 1228 2760 1328 2828; x_wconf 88' lang='lat' dir='ltr'>Justi·</span> 
     </span>
     <span class='ocr_line' id='line_1_21' title="bbox 355 2877 1328 2970; baseline 0.007 -28"><span class='ocrx_word' id='word_1_128' title='bbox 355 2899 434 2956; x_wconf 92' lang='lat' dir='ltr'>nus,</span> <span class='ocrx_word' id='word_1_129' title='bbox 458 2889 494 2942; x_wconf 92' lang='lat' dir='ltr'>ut</span> <span class='ocrx_word' id='word_1_130' title='bbox 521 2898 628 2942; x_wconf 85' lang='lat' dir='ltr'>verum</span> <span class='ocrx_word' id='word_1_131' title='bbox 654 2877 810 2967; x_wconf 74' lang='lat' dir='ltr'>religionis</span> <span class='ocrx_word' id='word_1_132' title='bbox 837 2878 955 2946; x_wconf 82' lang='lat' dir='ltr'>fontem</span> <span class='ocrx_word' id='word_1_133' title='bbox 972 2877 1146 2960; x_wconf 82' lang='lat' dir='ltr'>indiceret,</span> <span class='ocrx_word' id='word_1_134' title='bbox 1165 2881 1328 2970; x_wconf 75' lang='lat' dir='ltr'>probatum</span> 
     </span>
     <span class='ocr_line' id='line_1_22' title="bbox 357 2994 1329 3086; baseline 0.004 -23"><span class='ocrx_word' id='word_1_135' title='bbox 357 2996 466 3078; x_wconf 80' lang='lat' dir='ltr'>vellet,</span> <span class='ocrx_word' id='word_1_136' title='bbox 482 2994 679 3086; x_wconf 92' lang='lat' dir='ltr'>philosophos</span> <span class='ocrx_word' id='word_1_137' title='bbox 694 3019 746 3062; x_wconf 86' lang='lat' dir='ltr'>sun</span> <span class='ocrx_word' id='word_1_138' title='bbox 763 3018 798 3063; x_wconf 83' lang='lat' dir='ltr'>ex</span> <span class='ocrx_word' id='word_1_139' title='bbox 809 2997 928 3064; x_wconf 79' lang='lat' dir='ltr'>Veteris</span> <span class='ocrx_word' id='word_1_140' title='bbox 939 2997 1084 3066; x_wconf 79' lang='lat' dir='ltr'>Foederis</span> <span class='ocrx_word' id='word_1_141' title='bbox 1098 2999 1188 3066; x_wconf 90' lang='lat' dir='ltr'>libris</span> <span class='ocrx_word' id='word_1_142' title='bbox 1202 3013 1329 3067; x_wconf 83' lang='lat' dir='ltr'>mutnu-</span> 
     </span>
     <span class='ocr_line' id='line_1_23' title="bbox 356 3113 1326 3208; baseline 0.008 -24"><span class='ocrx_word' id='word_1_143' title='bbox 356 3129 421 3198; x_wconf 86' lang='lat' dir='ltr'>tos,</span> <span class='ocrx_word' id='word_1_144' title='bbox 433 3114 517 3182; x_wconf 84' lang='lat' dir='ltr'>haud</span> <span class='ocrx_word' id='word_1_145' title='bbox 526 3137 648 3206; x_wconf 90' lang='lat' dir='ltr'>prorsus</span> <span class='ocrx_word' id='word_1_146' title='bbox 661 3113 709 3182; x_wconf 93' lang='lat' dir='ltr'>his</span> <span class='ocrx_word' id='word_1_147' title='bbox 720 3117 871 3182; x_wconf 78' lang='lat' dir='ltr'>contraria</span> <span class='ocrx_word' id='word_1_148' title='bbox 883 3167 892 3197; x_wconf 93' lang='lat'><strong><em>,</em></strong></span> <span class='ocrx_word' id='word_1_149' title='bbox 912 3131 1055 3208; x_wconf 80' lang='lat' dir='ltr'>corrupte</span> <span class='ocrx_word' id='word_1_150' title='bbox 1072 3117 1145 3185; x_wconf 88' lang='lat' dir='ltr'>lieet</span> <span class='ocrx_word' id='word_1_151' title='bbox 1153 3168 1162 3200; x_wconf 89' lang='lat'>,</span> <span class='ocrx_word' id='word_1_152' title='bbox 1175 3119 1326 3192; x_wconf 86' lang='lat' dir='ltr'>docuisse:</span> 
     </span>
     <span class='ocr_line' id='line_1_24' title="bbox 358 3235 1329 3308; baseline 0.006 -6"><span class='ocrx_word' id='word_1_153' title='bbox 358 3235 415 3302; x_wconf 90' lang='lat' dir='ltr'>uhi</span> <span class='ocrx_word' id='word_1_154' title='bbox 446 3249 551 3302; x_wconf 86' lang='lat' dir='ltr'>nutem</span> <span class='ocrx_word' id='word_1_155' title='bbox 578 3235 739 3302; x_wconf 86' lang='lat' dir='ltr'>eonsilium</span> <span class='ocrx_word' id='word_1_156' title='bbox 765 3235 857 3303; x_wconf 90' lang='lat' dir='ltr'>modo</span> <span class='ocrx_word' id='word_1_157' title='bbox 879 3236 1049 3304; x_wconf 78' lang='lat' dir='ltr'>indicatum</span> <span class='ocrx_word' id='word_1_158' title='bbox 1078 3239 1216 3306; x_wconf 91' lang='lat' dir='ltr'>obtinere</span> <span class='ocrx_word' id='word_1_159' title='bbox 1239 3262 1329 3308; x_wconf 80' lang='lat' dir='ltr'>ooni-</span> 
     </span>
     <span class='ocr_line' id='line_1_25' title="bbox 358 3353 1331 3451; baseline 0.005 -27"><span class='ocrx_word' id='word_1_160' title='bbox 358 3368 430 3437; x_wconf 83' lang='lat' dir='ltr'>tur,</span> <span class='ocrx_word' id='word_1_161' title='bbox 454 3378 516 3421; x_wconf 89' lang='lat' dir='ltr'>non</span> <span class='ocrx_word' id='word_1_162' title='bbox 532 3353 658 3444; x_wconf 89' lang='lat' dir='ltr'>quidem</span> <span class='ocrx_word' id='word_1_163' title='bbox 676 3355 715 3422; x_wconf 85' lang='lat' dir='ltr'>ed</span> <span class='ocrx_word' id='word_1_164' title='bbox 733 3357 824 3424; x_wconf 78' lang='lat' dir='ltr'>Moris</span> <span class='ocrx_word' id='word_1_165' title='bbox 840 3371 871 3425; x_wconf 89' lang='lat' dir='ltr'>et</span> <span class='ocrx_word' id='word_1_166' title='bbox 888 3357 1111 3449; x_wconf 78' lang='lat' dir='ltr'>Prophetarum</span> <span class='ocrx_word' id='word_1_167' title='bbox 1130 3359 1243 3451; x_wconf 83' lang='lat' dir='ltr'>scriptu</span> <span class='ocrx_word' id='word_1_168' title='bbox 1261 3375 1331 3428; x_wconf 83' lang='lat' dir='ltr'>tun·</span> 
     </span>
     <span class='ocr_line' id='line_1_26' title="bbox 360 3469 1331 3570; baseline 0.009 -29"><span class='ocrx_word' id='word_1_169' title='bbox 360 3497 456 3568; x_wconf 84' lang='lat' dir='ltr'>quem</span> <span class='ocrx_word' id='word_1_170' title='bbox 474 3469 573 3540; x_wconf 86' lang='lat' dir='ltr'>sontes</span> <span class='ocrx_word' id='word_1_171' title='bbox 591 3475 779 3543; x_wconf 78' lang='lat' dir='ltr'>Graecorum</span> <span class='ocrx_word' id='word_1_172' title='bbox 797 3475 1009 3569; x_wconf 83' lang='lat' dir='ltr'>philosophiae</span> <span class='ocrx_word' id='word_1_173' title='bbox 1028 3501 1194 3568; x_wconf 80' lang='lat' dir='ltr'>provocare</span> <span class='ocrx_word' id='word_1_174' title='bbox 1210 3504 1331 3570; x_wconf 90' lang='lat' dir='ltr'>prorsus</span> 
     </span>
     <span class='ocr_line' id='line_1_27' title="bbox 361 3577 1329 3692; baseline 0.006 -28"><span class='ocrx_word' id='word_1_175' title='bbox 361 3594 557 3688; x_wconf 83' lang='lat' dir='ltr'>supersedet3</span> <span class='ocrx_word' id='word_1_176' title='bbox 582 3577 765 3686; x_wconf 80' lang='lat' dir='ltr'>primarium</span> <span class='ocrx_word' id='word_1_177' title='bbox 788 3611 890 3664; x_wconf 83' lang='lat' dir='ltr'>tamen</span> <span class='ocrx_word' id='word_1_178' title='bbox 908 3599 968 3688; x_wconf 91' lang='lat' dir='ltr'>ipsi</span> <span class='ocrx_word' id='word_1_179' title='bbox 986 3612 1199 3689; x_wconf 78' lang='lat' dir='ltr'>argumentum</span> <span class='ocrx_word' id='word_1_180' title='bbox 1217 3616 1263 3670; x_wconf 87' lang='lat' dir='ltr'>est</span> <span class='ocrx_word' id='word_1_181' title='bbox 1271 3603 1329 3692; x_wconf 83' lang='lat'><strong>(2),</strong></span> 
     </span>
     <span class='ocr_line' id='line_1_28' title="bbox 362 3713 1175 3810; baseline 0.01 -28"><span class='ocrx_word' id='word_1_182' title='bbox 362 3715 446 3807; x_wconf 82' lang='lat' dir='ltr'>quod</span> <span class='ocrx_word' id='word_1_183' title='bbox 465 3739 500 3781; x_wconf 81' lang='lat' dir='ltr'>ex</span> <span class='ocrx_word' id='word_1_184' title='bbox 519 3713 658 3781; x_wconf 73' lang='lat' dir='ltr'>doctrina</span> <span class='ocrx_word' id='word_1_185' title='bbox 677 3716 716 3782; x_wconf 88' lang='lat' dir='ltr'>de</span> <span class='ocrx_word' id='word_1_186' title='bbox 735 3718 815 3802; x_wconf 77' lang='grc' dir='ltr'>λόγῳ</span> <span class='ocrx_word' id='word_1_187' title='bbox 836 3725 1025 3804; x_wconf 63' lang='lat' dir='ltr'>antepositum</span> <span class='ocrx_word' id='word_1_188' title='bbox 1048 3720 1175 3810; x_wconf 82' lang='lat' dir='ltr'>petitur.</span> 
     </span>
    </p>
   </div>
   <div class='ocr_carea' id='block_1_3' title="bbox 352 3873 700 3887">
    <p class='ocr_par' dir='ltr' id='par_1_7' title="bbox 352 3873 700 3887">
     <span class='ocr_line' id='line_1_29' title="bbox 352 3873 700 3887; baseline 0.009 -4"><span class='ocrx_word' id='word_1_189' title='bbox 352 3873 700 3887; x_wconf 41' lang='grc' dir='ltr'><strong><em>..ψη-ια·-</em></strong></span> 
     </span>
    </p>
   </div>
   <div class='ocr_carea' id='block_1_4' title="bbox 351 3939 1328 4163">
    <p class='ocr_par' dir='ltr' id='par_1_8' title="bbox 351 3939 1328 4163">
     <span class='ocr_line' id='line_1_30' title="bbox 385 3939 648 4006; baseline -0.004 -17"><span class='ocrx_word' id='word_1_190' title='bbox 385 3939 426 4006; x_wconf 87' lang='grc'>(1)</span> <span class='ocrx_word' id='word_1_191' title='bbox 444 3942 505 4003; x_wconf 74' lang='lat' dir='ltr'>Peg.</span> <span class='ocrx_word' id='word_1_192' title='bbox 524 3939 557 3988; x_wconf 75' lang='grc'>56</span> <span class='ocrx_word' id='word_1_193' title='bbox 575 3955 648 4002; x_wconf 83' lang='lat' dir='ltr'>seqq.</span> 
     </span>
     <span class='ocr_line' id='line_1_31' title="bbox 385 4023 1328 4092; baseline 0.002 -18"><span class='ocrx_word' id='word_1_194' title='bbox 385 4023 426 4092; x_wconf 84' lang='grc'>(2)</span> <span class='ocrx_word' id='word_1_195' title='bbox 444 4025 521 4090; x_wconf 78' lang='lat' dir='ltr'>Apol.</span> <span class='ocrx_word' id='word_1_196' title='bbox 542 4025 562 4075; x_wconf 93' lang='lat'>1.</span> <span class='ocrx_word' id='word_1_197' title='bbox 583 4025 631 4084; x_wconf 78' lang='lat'>1⁸,</span> <span class='ocrx_word' id='word_1_198' title='bbox 648 4023 699 4083; x_wconf 80' lang='lat'>20,</span> <span class='ocrx_word' id='word_1_199' title='bbox 716 4023 765 4084; x_wconf 86' lang='lat'>21,</span> <span class='ocrx_word' id='word_1_200' title='bbox 782 4023 834 4084; x_wconf 83' lang='lat'>22,</span> <span class='ocrx_word' id='word_1_201' title='bbox 854 4023 1085 4087; x_wconf 48' lang='lat' dir='ltr'>solomon.</span> <span class='ocrx_word' id='word_1_202' title='bbox 1105 4028 1139 4077; x_wconf 88' lang='lat'>11.</span> <span class='ocrx_word' id='word_1_203' title='bbox 1158 4023 1328 4090; x_wconf 79' lang='lat' dir='ltr'>7,8‚1r,r³.</span> 
     </span>
     <span class='ocr_line' id='line_1_32' title="bbox 351 4109 490 4163; baseline 0.014 -3"><span class='ocrx_word' id='word_1_204' title='bbox 351 4109 426 4163; x_wconf 78' lang='lat' dir='ltr'>Dtot.</span> <span class='ocrx_word' id='word_1_205' title='bbox 445 4110 490 4162; x_wconf 81' lang='grc'>69.</span> 
     </span>
    </p>
   </div>
   <div class='ocr_carea' id='block_1_5' title="bbox 0 0 1496 5106">
    <p class='ocr_par' dir='ltr' id='par_1_9' title="bbox 0 0 1496 5106">
     <span class='ocr_line' id='line_1_33' title="bbox 0 0 1496 5106; baseline 0 0"><span class='ocrx_word' id='word_1_206' title='bbox 0 0 1496 5106; x_wconf 95' lang='lat' dir='ltr'> </span> 
     </span>
    </p>
   </div>
  </div>
 </body>
</html>
