3010 5110
617 447 656 510 21
763 393 799 424 Ὗ

194 645 310 718 Notum
320 685 334 726 ,·
340 644 521 736 religionem
536 641 619 734 apud
634 655 750 710 veteres
759 642 851 708 fuisse
865 663 931 708 rem
941 643 1118 734 politiorum

147 769 203 859 qui
231 767 375 858 religioni
403 778 544 855 receptae
568 777 600 830 et
626 763 744 854 legibus
764 761 961 830 confirmatae
979 787 1043 831 sese
1061 789 1121 856 op-

139 901 296 978 poneret,
316 887 410 978 ipsius
429 885 554 975 imperii
573 884 667 952 hostis
685 883 868 953 habebatur.
915 885 997 951 Hinc
1017 885 1123 953 Chris·

138 1008 247 1088 tiani,
272 1007 326 1096 qui
350 1007 429 1074 Deos
454 1029 517 1074 uon
533 1019 654 1072 tanturn
673 992 879 1096 spernebant,
903 1007 1123 1074 verumetiam

147 1127 297 1195 sacrificia
316 1149 372 1217 pro
390 1127 620 1216 Imperatorum
639 1126 734 1192 salute
752 1125 820 1192 lliis
837 1103 965 1207 offerre,
990 1149 1046 1215 per
1065 1149 1120 1216 gs·

106 1293 112 1301 ·
145 1247 235 1315 nium
257 1229 483 1336 imperatorum
501 1248 607 1335 jurare
626 1257 658 1312 et
678 1245 898 1334 Imperatorem
919 1246 1020 1312 Deum
1038 1246 1123 1312 salu-

139 1379 212 1436 tare
229 1367 441 1460 recusabunt,
475 1390 492 1432 a
519 1365 613 1433 l’lebe
638 1387 701 1448 non
728 1373 848 1432 tantum
875 1364 988 1447 Athei,
1016 1387 1122 1432 rerum

145 1487 240 1556 etiarn
259 1487 385 1577 imperii
404 1486 507 1553 hostes
530 1484 821 1566 considerabuntur,
844 1485 939 1576 idque
956 1487 1004 1552 rel
1022 1489 1124 1552 maxi-

145 1628 198 1672 me
216 1606 381 1674 al'oliticis
392 1655 402 1687 ,
419 1606 494 1696 qui,
519 1604 676 1695 despotioo
696 1605 827 1705 imperio
846 1610 996 1697 populum
1020 1609 1123 1675 conti-
1150 1611 1154 1619 '

52 1699 58 1710 ⁹
145 1741 274 1810 nentes,
290 1727 331 1794 ab
342 1727 428 1794 omni
442 1727 640 1794 innovatione
654 1727 757 1808 cirili,
775 1709 898 1818 qualem
917 1727 1124 1796 Christianam

145 1869 213 1914 rem
232 1845 487 1928 considerabant,
508 1869 602 1937 quam
619 1847 753 1920 maxime
772 1860 859 1913 erant
876 1847 969 1914 alieni
987 1848 1047 1936 (1).

192 1966 349 2048 Pictores,
373 1968 562 2058 sculptores,
583 1967 637 2034 alii
655 1966 689 2032 id
703 1989 798 2058 genus
811 1966 972 2045 homines,
991 1969 1125 2034 multum
1231 2025 1236 2036 .

145 2108 165 2152 e
184 2086 323 2154 Deorum
349 2087 434 2152 cultu
446 2085 537 2154 'lucri
556 2087 707 2166 ferentes,
733 2086 904 2154 sacerdotes
921 2090 997 2155 item
1018 2087 1059 2156 er'
1072 2113 1125 2155 ara

146 2209 283 2274 virentes
302 2220 333 2276 et
351 2208 485 2276 multum
500 2207 534 2274 in
553 2209 703 2298 populum
721 2207 872 2289 valentes,
898 2228 994 2298 quum
1009 2209 1125 2300 templa

146 2341 180 2396 et
197 2328 269 2394 lana
287 2327 404 2396 doun
422 2325 580 2408 riderent,
600 2330 750 2420 populum
766 2328 953 2410 incitabant,
970 2342 1005 2396 ut
1016 2328 1125 2398 Chris-

146 2447 247 2515 tianos
265 2449 336 2540 igne
356 2463 387 2516 et
404 2449 487 2516 ferro
507 2461 659 2540 peterent.

195 2567 317 2658 Triplex
344 2568 403 2636 hoo
429 2569 592 2636 hominum
606 2579 706 2670 penus
724 2570 958 2661 superstitione,
982 2569 1127 2659 ignoran-

89 2697 94 2706 '
146 2689 215 2770 tia,
250 2689 408 2756 commodi
435 2688 558 2770 studio,
591 2691 658 2757 aliis
688 2689 840 2780 ductum,
874 2687 1064 2790 Christianos
1094 2690 1127 2754 in
1175 2671 1192 2689 ⁶

148 2809 221 2876 odio
238 2808 385 2879 habebat.
428 2811 588 2880 Praeterea
607 2810 786 2901 Philosophi
805 2812 903 2902 ipsam
924 2811 1124 2903 religionem,

148 2952 185 2996 er
203 2944 291 3021 parte
311 2932 466 3022 cognitam
484 2932 654 3016 habentes,
676 2931 766 2998 docte
784 2945 815 2998 et
833 2932 944 2998 callide
962 2930 1127 3023 aggredie-

146 3050 260 3118 bantur
270 3099 281 3132 ,
306 3075 368 3141 quo
386 3065 418 3118 et
435 3053 495 3142 ipsi
514 3075 532 3118 a
551 3049 667 3120 Christi
685 3051 825 3119 doctrina
841 3052 934 3118 alieni
948 3066 1126 3134 manerent,

147 3182 179 3238 et
205 3171 333 3261 reliquis
360 3171 521 3253 omnibus,
546 3195 638 3262 quam
658 3147 709 3240 m,
727 3171 902 3240 Christiana
921 3174 995 3239 falsa
1015 3187 1046 3239 et
1066 3174 1127 3240 ab·

148 3291 241 3360 surda
249 3305 339 3374 emet,
354 3292 538 3383 persuadere
547 3306 700 3362 tentarent
711 3293 771 3382 (2).
796 3293 906 3374 Stoici,
918 3296 1058 3390 &natale
1074 3295 1127 3360 sui

147 3411 406 3502 marimegarisi,
425 3435 486 3480 non
503 3427 647 3504 poterant
664 3429 726 3480 nou
738 3411 944 3494 Christianos,
965 3412 1126 3480 ardora'et

148 3531 354 3602 enthusiasmo
384 3533 511 3615 ductos,
535 3519 683 3602 fanaticos
700 3533 829 3604 habere.
885 3533 1040 3614 Platonis,
1071 3533 1126 3621 qui

149 3675 181 3720 se
199 3654 367 3734 vocabant,
385 3668 548 3722 sectatores
567 3655 726 3722 idealismo
745 3645 799 3721 sno
819 3651 961 3745 religioso
979 3654 1043 3743 apti
1062 3674 1126 3717 esse

147 3772 353 3856 ridebantur,
374 3775 430 3864 qui
447 3771 619 3844 Christiana
630 3799 713 3846 sacra
724 3775 1001 3866 amplecterentur,
1017 3791 1125 3842 rerum

167 3973 493 3986 Μ*

179 4065 403 4136 (illaudatam,
424 4073 441 4120 l.
462 4087 486 4119 o.
506 4085 562 4136 pag.
581 4069 707 4120 ata-223.
745 4071 878 4128 llramr,
900 4068 917 4116 l.
938 4081 962 4114 o.

179 4155 219 4221 (2)
237 4157 403 4216 literram,
423 4157 442 4208 l.
462 4171 486 4206 c.
506 4171 562 4220 pag.
580 4153 707 4205 muli.
