3010 5110
844 449 884 512 48

416 647 474 714 aa
498 643 691 736 csaosopm
719 655 749 712 a
777 644 900 724 soen,
915 699 918 705 ,
931 611 1008 712 αα
1025 643 1162 713 suana
1181 649 1343 737 expositis,

364 771 430 858 jean
453 768 585 858 opponit
604 763 713 832 Moesis
731 751 763 829 e't
779 764 1025 855 Prophetarum
1044 769 1186 856 scripta.

416 885 505 973 Quod
521 885 641 952 Veteris
659 883 805 964 Foederis
821 885 916 952 libros
934 886 1147 976 potiusquam
1167 885 1245 955 Novi
1263 887 1346 956 Foe-

368 1005 471 1088 dcris,
501 1019 536 1073 ut
565 1006 663 1072 fontes
691 1003 883 1074 Christianae
903 1005 1059 1095 religionis
1078 1005 1236 1074 adeundos
1256 1029 1346 1074 com·

368 1127 495 1194 mendet
522 1139 553 1194 et
577 1103 719 1194 marinae*
736 1125 775 1192 de
794 1110 916 1194 illorum
937 1125 1099 1194 divinitate
1118 1127 1278 1218 probanda
1297 1129 1345 1194 la·

368 1249 480 1328 buret,
507 1245 626 1314 nemini
655 1247 769 1314 mirum
796 1246 956 1336 videatur,
975 1248 1031 1337 qui
1049 1249 1210 1342 observet,
1229 1235 1347 1318 veteres

370 1365 559 1436 Christianos
577 1366 748 1436 doctrinam
768 1365 882 1436 Christi
902 1367 934 1434 iu
954 1368 992 1438 V.
1014 1370 1050 1437 Τ.
1069 1369 1158 1436 libris
1174 1381 1271 1436 totam
1286 1369 1345 1438 de-

368 1487 561 1580 prehendere
589 1488 649 1554 sibi
675 1489 778 1568 risos,
812 1509 942 1578 eamque
971 1489 1159 1580 argumentis
1178 1512 1215 1556 er
1236 1489 1345 1558 eodem

367 1611 480 1678 Vetere
524 1608 648 1677 loedere
672 1595 790 1700 ¹petitis
829 1610 1006 1676 confirmari
1039 1609 1216 1696 credidisse.
1275 1610 1345 1701 Ipse
1387 1589 1390 1596 ²

365 1703 507 1799 tustinus
534 1729 646 1797 horum
664 1730 796 1797 maxime
815 1729 938 1820 scriptis
956 1729 995 1796 de
1013 1730 1170 1820 religionis
1191 1728 1346 1798 Christia-

367 1827 426 1918 hue
445 1849 548 1918 divina
568 1849 686 1940 origiue
704 1863 736 1916 et
755 1850 941 1940 praestantia
959 1871 1128 1940 persuasus¹
1139 1863 1215 1919 erat.
1247 1850 1343 1916 Prae-

367 1984 453 2038 terea
489 1969 568 2038 Novi
606 1968 751 2036 Foederis
790 1969 905 2059 scripta
935 1967 1072 2036 nondum
1099 1993 1161 2040 uno
1190 1970 1346 2038 volumine
1454 1985 1459 2000 ’

368 2105 455 2160 erant
482 2089 718 2180 comprehensa,
748 2089 870 2156 Veteris
889 2089 1035 2158 Foederis
1062 2103 1169 2158 contra
1190 2091 1344 2158 Hebraice

368 2235 430 2282 non
445 2224 565 2280 tantum
582 2209 635 2276 sed
651 2223 682 2278 et
699 2211 815 2278 Graece
832 2210 933 2278 ubivis
942 2211 1099 2278 exstabant
1109 2211 1170 2298 (1).
1194 2212 1266 2278 Nou
1275 2233 1345 2278 vero

367 2331 507 2400 lustinus
523 2353 581 2398 nec
598 2331 711 2421 reliqui
729 2331 917 2421 hpologetae
936 2329 975 2396 ad
985 2330 1220 2399 Noril'oederis
1231 2332 1345 2421 scripta

367 2473 534 2544 provocare
561 2472 684 2542 prorsus
711 2449 909 2542 supersedent
920 2500 930 2533 ,
954 2451 1052 2518 rarius
1070 2465 1173 2519 tamen
1192 2464 1223 2520 et
1240 2451 1345 2520 minus

368 2588 514 2664 tanquam
542 2571 582 2638 ad
615 2572 772 2661 religionis
802 2573 938 2653 fontem3
975 2585 1006 2638 et
1035 2595 1115 2662 quae
1133 2573 1286 2642 ‹tustinus
1313 2586 1344 2640 et

368 2697 432 2762 fere
457 2694 645 2785 hpologetae
665 2705 736 2758 ante
759 2690 924 2782 Origenem
944 2711 1049 2760 omnes
1077 2692 1116 2760 ad
1146 2693 1344 2783 Scriptorum

367 2815 408 2884 N.
428 2814 465 2882 F.
487 2812 622 2879 divium
642 2811 792 2902 originem
813 2825 844 2880 et
867 2815 1060 2890 ἀξιοπιστίαν
1080 2812 1274 2903 probandam
1292 2800 1345 2880 al-

367 2935 489 3015 feruut,
513 2933 602 3023 parvi
624 2933 719 3024 pretii
741 2946 810 3000 sant
831 2931 892 3021 (2).

412 3055 506 3124 lionis
525 3067 557 3122 et
575 3052 800 3144 Prophetarum
818 3053 930 3144 scripta
943 3053 1074 3148 ,utum
1091 3076 1175 3146 esse,
1204 3053 1346 3122 lustinus

366 3177 458 3244 acriis
476 3173 663 3267 argumentis
676 3171 818 3256 evincit,
838 3173 872 3240 id
891 3175 1024 3244 menime
1042 3175 1125 3266 agit,
1144 3188 1179 3244 nt
1188 3172 1236 3242 his
1246 3174 1346 3264 serip-

396 3408 436 3476 (1)
454 3408 652 3466 clamatum,
672 3405 726 3458 l.c.
744 3421 801 3470 μιν.
815 3401 872 3456 176.
900 3405 997 3464 Sron,
1018 3403 1166 3456 Doctrinae
1177 3405 1354 3456 Christianos

359 3510 427 3564 pars
449 3493 621 3551 Theos-otico,
641 3508 667 3556 p.
688 3489 728 3540 ll).
765 3489 931 3548 Tuncrum,
955 3489 1047 3542 (lorch.
1065 3489 1113 3538 dor
1130 3486 1205 3554 Apol.
1222 3506 1249 3556 p.
1263 3489 1297 3540 96
1308 3505 1352 3553 oq.

396 3578 435 3646 (2)
453 3576 511 3627 Vid.
533 3589 698 3632 usserman,
728 3573 819 3623 Gosch.
846 3573 894 3623 der
920 3571 996 3639 Apol.
1023 3591 1049 3640 p.
1070 3567 1120 3624 120
1140 3589 1196 3638 sqq.
1235 3575 1291 3624 llcn
1310 3577 1355 3623 est

358 3666 438 3731 hujus
454 3661 506 3712 loci
523 3660 555 3710 de
574 3658 738 3723 quaestione,
766 3673 890 3720 quaenam
908 3657 937 3708 n.
957 3657 984 3708 T.
1006 3658 1100 3724 scripta
1118 3659 1236 3708 lustinus
1253 3673 1354 3722 cogno-

359 3751 427 3800 verit
450 3752 478 3798 et
503 3759 548 3812 per
576 3739 840 3807 ἀπομνημονεύματα
866 3740 919 3791 τῶν
946 3735 1122 3792 'Aaooco'toa
1148 3741 1353 3807 significaverit,

358 3833 446 3885 multis
461 3844 544 3894 agere.
581 3827 704 3876 lucrina!
728 3825 892 3889 Euangelium
916 3823 1052 3887 Matthaei,
1072 3827 1121 3878 etsi
1140 3843 1171 3878 ex
1190 3827 1240 3876 ulia
1258 3843 1354 3878 reeen-

294 3932 297 3940 '
359 3920 450 3974 sione.
469 3912 616 3979 cognovisse
633 3913 744 3972 oertum;
756 3907 833 3958 llarcl
848 3907 917 3958 houd
935 3925 995 3960 vero
1016 3909 1145 3974 sboimile3
1164 3911 1313 3961 Lucaeaero
1324 3916 1357 3961 et

362 4003 468 4053 donanis
484 4015 515 4050 sn
525 3995 673 4062 cognoverit
683 4027 691 4054 ,
702 3992 775 4043 valde
786 3993 1005 4044 dubiumsidetur.
1025 3995 1101 4046 Pluto
1112 3993 1156 4058 qul
1168 3995 1264 4061 cupiat,
1277 3994 1359 4046 odeat

359 4105 386 4140 ι.
397 4104 422 4138 s.
434 4101 559 4143 casnm,
573 4082 700 4146 Bettrttgo
709 4090 766 4128 'aar
783 4078 942 4144 Eiutes'tunq
958 4080 990 4129 tn
1006 4079 1050 4129 dis
1060 4079 1216 4130 Bibliotheca
1238 4077 1357 4148 Schrif-

362 4179 422 4234 ten,
442 4172 512 4224 Tom.
531 4169 552 4219 1.
565 4172 592 4220 et
615 4185 640 4218 u.
659 4181 707 4217 m
723 4181 815 4227 ιιιιτ,
834 4165 861 4214 in
877 4165 982 4218 dissert.
1002 4164 1060 4217 Soc.
1081 4166 1143 4230 llag.
1164 4180 1220 4216 mox
1238 4165 1334 4218 erlend.
