3010 5110
672 485 713 566 ss

202 678 253 746 dis
278 679 432 758 merime,
464 677 646 746 testimoniis
662 678 733 768 (1);
769 703 850 770 quae
868 693 974 749 tamen
992 705 1056 751 non
1075 682 1109 751 id
1128 685 1181 753 di·
1232 755 1238 771 ,

104 784 107 802 ’
200 813 299 882 nunt,
331 797 417 890 quod
439 797 581 866 Justiuus
608 804 753 888 opinatur
772 800 832 890 (2).

245 920 302 989 Uti
322 921 448 986 stultum
467 941 531 986 esse
554 919 754 1009 probaverat,
768 923 842 988 tulcr
852 931 909 1012 pr'o
919 922 988 989 ltiis
996 895 1160 1014 agnoscere
1167 977 1177 1008 ,

200 1041 246 1108 ita
263 1037 348 1106 haud
363 1039 465 1106 miuus
475 1040 718 1127 simulacrum)
731 1090 741 1122 ,
753 1040 785 1108 in
796 1042 909 1131 quibus
919 1042 972 1108 Dii
983 1091 993 1124 ,
1004 1045 1180 1114 veluticor·

199 1159 328 1251 poribus
356 1160 416 1226 suis
443 1159 576 1240 inclusi,
610 1159 752 1226 habitare
777 1160 983 1231 credebantur
1000 1163 1048 1251 (4)
1070 1164 1181 1232 diurno

198 1279 321 1346 horrore
330 1283 515 1370 prosequi,
534 1279 844 1372 hornineindrgmum
854 1305 935 1362 csse,
953 1304 989 1347 er
999 1304 1037 1349 co
1047 1281 1180 1351 demonss

101 1470 104 1476 ,
197 1411 297 1479 strat,
320 1399 403 1490 quod
418 1397 559 1465 homines
568 1398 720 1490 imagines
727 1401 863 1468 colerent
873 1401 1005 1492 ligneus,
1025 1403 1178 1472 inanime-

198 1533 245 1587 tas
264 1542 377 1609 casque
392 1519 432 1586 ub
449 1519 620 1587 artificibus
629 1521 784 1592 confectos
792 1522 876 1608 omni
884 1523 1029 1612 pravitati
1039 1521 1177 1608 deditis;

197 1639 337 1708 Justinus
354 1637 408 1704 hic
426 1639 552 1728 plebem
570 1652 690 1708 tuntum
710 1653 782 1706 unte
801 1640 903 1706 oculos
923 1639 1038 1720 habere
1055 1643 1177 1732 potnit,

197 1783 296 1852 quum
313 1759 406 1849 perdo
424 1759 638 1850 prudentiores
656 1761 785 1826 nultum*
798 1761 905 1828 steteris
923 1760 1097 1828 exhibitum
1113 1785 1177 1830 non

198 1879 240 1946 ed
258 1878 422 1946 simulacro
441 1879 493 1946 ssd
504 1880 544 1946 ud
554 1879 636 1970 ipsos
645 1881 726 1950 Dens
735 1880 844 1946 referri
854 1879 993 1974 diccrent
1003 1882 1064 1968 (5).
1082 1856 1181 1972 luge-y

197 2001 282 2068 niose
290 1997 365 2065 hinc
376 1998 500 2066 athoud
509 2000 648 2067 sincbile
658 2001 759 2092 ipsum
771 2001 858 2068 iilum
868 2000 1101 2067 simulacrorum
1109 2003 1176 2069 cui-

197 2134 266 2188 tun
284 2119 445 2187 contendit
466 2121 534 2188 Diis
555 2121 627 2211 ipsis
645 2121 778 2188 maxime
796 2144 860 2188 esse
875 2119 1041 2202 dedecori,
1059 2123 1177 2214 quippo

197 2243 253 2332 qui
272 2241 315 2308 sic
334 2242 426 2308 rebus
443 2241 635 2331 corruptioni
655 2241 793 2308 obnoxiis
807 2254 1068 2331 proponerentur,
1098 2242 1175 2332 ipsi-

198 2384 261 2452 que
284 2385 346 2428 non
365 2374 486 2428 tantum
503 2363 577 2428 curi
595 2360 649 2428 sod
668 2361 806 2428 custodie
826 2384 950 2451 quoquc
967 2369 1091 2452 egentes
1111 2363 1172 2450 (6).

243 2481 311 2552 Nec
330 2479 384 2548 hic
402 2481 549 2550 subsistit.
575 2479 657 2567 Quid
677 2481 752 2548 tales
769 2503 826 2571 pro
843 2481 910 2552 Diis
929 2503 1093 2572 agnoscere
1107 2502 1175 2546 cos-

195 2623 260 2692 que
276 2603 376 2670 colere
395 2602 427 2667 in
445 2600 609 2669 bominum
628 2603 745 2668 animos
765 2600 879 2668 hebeat
897 2600 1103 2682 efficacitatis,
1119 2601 1171 2667 ri·
1256 2685 1261 2698 ‘

195 2719 278 2788 vidis
305 2721 458 2790 coloribus
487 2719 649 2810 depingit3
676 2743 724 2787 rcs
743 2733 849 2812 turpes
869 2721 1018 2800 afferens,
1040 2743 1172 2810 querum

195 2842 256 2932 ipsi
284 2842 411 2931 gentilos
439 2853 530 2908 testes
558 2853 645 2908 erant
673 2843 787 2908 oculati
799 2891 809 2923 ,
834 2865 970 2932 quosque
990 2841 1108 2908 inficias
1125 2841 1172 2908 irc
1260 2847 1268 2865 ’

193 2961 391 3028 nullomodo
410 2973 563 3053 poteraut.
594 2962 837 3052 Polytbcismus‚
862 2987 924 3054 quo
944 2963 1069 3043 omnia,
1093 2984 1173 3052 quec

148 3129 152 3140 ·
193 3081 315 3148 homini
342 3105 453 3172 mogun
481 3081 665 3150 ridebuntur
677 3133 686 3165 ,
712 3085 806 3152 etium
828 3107 907 3175 quae
926 3084 1065 3178 moribus
1088 3098 1176 3151 crant

195 3201 386 3294 perniciose,
421 3201 461 3268 ed
489 3203 626 3270 Deorum
654 3227 818 3274 numerum
849 3204 1062 3270 referebantur
1074 3253 1084 3285 ,
1113 3227 1176 3270 non

195 3335 319 3414 poterat
346 3346 408 3390 non
429 3345 552 3394 omnem
570 3324 739 3390 sanctitutis
766 3324 925 3394 notionem
952 3322 985 3387 in
1013 3322 1176 3389 hominum

192 3427 306 3510 animis
333 3442 449 3514 delore.
492 3443 538 3510 Er
566 3457 706 3512 vetorum
734 3443 877 3534 scriptis,
902 3463 996 3532 quam
1013 3443 1174 3533 pernicio·-

211 3559 546 3584 *pund—u*

222 3609 262 3678 (1)
281 3609 479 3662 venenaret.
500 3611 524 3662 i.

220 3695 261 3762 (2)
278 3697 383 3746 Fruatur
399 3694 463 3742 traco
484 3697 646 3756 argumente,
660 3693 859 3752 Auerruncus,
880 3691 973 3757 Lapat.
993 3687 1059 3754 Cap.
1078 3688 1179 3738 Bonum

185 3777 310 3845 λογισμὸν
335 3783 383 3844 τῆς
408 3779 538 3837 πίστεως,
569 3793 752 3828 rnrurrrrrur
777 3778 877 3843 saepius
901 3792 975 3825 ouum
994 3774 1176 3824 testimonium

186 3866 393 3928 nnimocurgcrc
411 3862 504 3912 solent.

220 3949 260 4014 (3)
279 3947 356 4014 Apol.
376 3947 399 3998 1.
417 3947 445 3996 9.
463 3949 467 3960 ’
625 3995 629 4004 ,

217 4031 258 4098 (d)
276 4033 315 4082 Gt.
335 4043 470 4090 arnostus,
490 4029 623 4088 reverso·
644 4028 756 4088 eruto,
776 4028 803 4077 t.
823 4027 867 4078 VI.
885 4027 949 4094 Cap.
971 4023 1063 4076 lc-tt.

218 4115 259 4180 (d)
276 4115 316 4167 et.
335 4129 500 4175 rrscrrnnrn,
523 4113 615 4163 Gerus.
636 4114 684 4162 dor
700 4111 776 4176 Apol.
799 4127 856 4178 ραι.
875 4111 937 4160 ³⁹2.

218 4197 259 4266 (6)
276 4199 396 4267 Copiorns
413 4200 457 4250 hio
478 4213 598 4250 errentur
616 4197 682 4252 Aeo.
708 4198 822 4260 Gentes,
842 4196 868 4247 b.
889 4196 935 4248 Vt.
956 4195 1018 4259 cup,
1034 4193 1115 4244 -8-18.

992 4293 1039 4358 3,
