2978 5106
605 449 648 510 93

138 669 228 727 nem,
248 642 331 710 haud
347 666 457 710 noram
473 644 590 734 quippe
608 657 639 711 et
658 646 1115 730 mrdtoEthnicorumdoctrini

139 767 414 856 praestantiorem,
427 787 489 832 rron
505 763 672 830 defendere
692 779 831 849 tantum,
851 793 956 839 verum
967 764 1134 849 eterimie'

140 885 359 953 commendare
376 887 500 976 potuit,
520 885 632 952 merito
651 899 735 953 certe
753 891 929 977 postulans,
944 897 1120 972 utEthnici

143 1007 355 1088 Christianos,
380 1007 485 1073 sinon
505 1029 608 1072 amare
627 1021 657 1073 et
675 1007 790 1075 imitari
808 1013 939 1095 vellent,
955 1019 1120 1091 tolerarent

141 1124 227 1194 certe
250 1140 281 1193 et
305 1119 433 1196 ferrent.
481 1125 582 1192 deute
600 1140 631 1194 ct
649 1126 703 1194 hic
721 1129 969 1202 criminationem
987 1138 1020 1203 in
1039 1139 1121 1231 ipsos

142 1249 293 1316 Ethnicos
311 1248 479 1326 contorsit,
504 1271 601 1337 quos,
626 1246 711 1314 dum‘
723 1248 890 1318 Christiani
910 1257 1002 1336 λόγου
1021 1263 1121 1350 parti.

142 1369 246 1458 cipes,
270 1367 401 1457 perfecti
421 1377 454 1434 et
473 1367 558 1433 beati
580 1368 757 1460 philosophi
776 1373 1015 1462 praedicantur,
1040 1383 1121 1474 ipsos

142 1489 251 1556 stultos
269 1501 300 1554 et
322 1473 449 1554 miseros
468 1487 660 1554 Daemonum
678 1512 777 1558 servos
797 1515 861 1560 esse
882 1498 1012 1586 probat3
1035 1507 1119 1596 quod
1142 1517 1147 1530 ’

143 1621 297 1699 qnantum
307 1606 456 1675 Etlmicos
476 1631 613 1698 pungere
631 1608 793 1692 debuerit,
814 1615 883 1704 quis
901 1633 946 1686 e'st
956 1669 967 1701 ,
986 1625 1121 1712 quinon

145 1728 273 1794 rideat?

192 2081 308 2174 Quodsi
334 2087 388 2154 hic
412 2087 508 2155 cerdis
536 2088 723 2170 metiamur,
757 2093 817 2180 qui
840 2095 958 2162 ratione
981 2099 1122 2175 Justiuus

147 2205 335 2274 Christianos
355 2208 395 2274 ob
415 2208 636 2298 professionem
655 2209 837 2291 defendere,
859 2215 1020 2310 ipsamque
1037 2225 1121 2296 Eth-
1240 2240 1241 2244 ’

101 2397 103 2402 ,
145 2329 225 2394 uicis
251 2326 467 2394 commendare
507 2330 691 2414 tentaverit,
727 2355 805 2399 unus
841 2337 971 2428 quisque
999 2365 1123 2415 mecum

145 2448 294 2515 fatebitur
312 2448 472 2514 Justinum
490 2469 556 2512 rem
575 2472 661 2514 suam
678 2453 799 2540 egregie
817 2454 922 2544 egisse.

192 2569 233 2634 Et
260 2567 315 2633 hic
341 2569 462 2634 elucent
484 2567 600 2634 Justini
619 2571 798 2659 ingenium,
831 2576 928 2643 animi
950 2581 1062 2666 ardor,
1090 2602 1122 2656 et

144 2687 226 2754 mira
250 2687 411 2770 doctrina3
438 2689 470 2753 in
490 2689 611 2778 placitis
630 2690 823 2760 vindicandis
840 2695 1032 2769 desideratur
1051 2709 1122 2797 qui.

146 2809 220 2874 dem
249 2809 401 2876 subtilitas
434 2807 623 2898 dogmatica,
660 2807 909 2902 argumentorum
936 2823 1056 2912 pondus
1092 2844 1124 2898 et

144 2928 322 3010 evidentia3
352 2951 458 2994 rernm
478 2930 552 2995 talia
573 2944 677 2996 tamen
696 2951 874 3024 argumenta
902 2942 1011 3027 affert,
1044 2972 1125 3038 quae
1203 2993 1210 3008 .

144 3049 288 3118 Ethnicis
311 3049 335 3137 si
358 3072 420 3114 non
445 3073 568 3140 prorsus
595 3054 818 3141 pers'uaserint,
840 3057 1124 3140 christianos'unos

142 3171 271 3252 ὁμοίως,
295 3175 405 3246 deser,
438 3173 598 3252 μειζόνως,
622 3178 698 3253 μετὰ
725 3177 923 3257 ἀποδείξεως,
950 3186 1124 3272 διδάγματα

142 3292 225 3354 κατὰ
243 3291 342 3371 κρίσιν
360 3292 501 3372 σώφρονα
520 3292 574 3356 οὐκ
592 3296 698 3378 αἰσχρὰ
721 3295 767 3382 (1)
787 3299 944 3386 profiteri,
964 3321 1049 3376 certe
1072 3289 1123 3382 eos

142 3407 330 3474 convincere
348 3419 488 3496 possent,
511 3405 698 3478 Christianos
717 3412 802 3481 haud
821 3421 894 3488 tales
912 3445 997 3509 esse,
1017 3434 1122 3520 quoies

144 3527 385 3607 dictitarentur,
419 3550 588 3618 eorumque
620 3531 790 3602 doctrinam
824 3540 967 3613 uberiore
997 3543 1122 3641 dignam

140 3670 211 3716 esse
230 3647 475 3737 investigatione.

135 3814 140 3822 .
191 3767 350 3834 ,tustinum
368 3767 523 3856 grauiora,
540 3773 677 3850 acutiora
695 3789 726 3841 et
743 3777 930 3850 evidentiora
945 3807 1123 3878 argumenta

145 3891 180 3954 in
216 3887 355 3954 medium
389 3889 579 3978 prolaturum
608 3893 700 3962 fuisse
731 3890 936 3985 crediderim,
966 3908 992 3974 si
1021 3912 1124 4002 animo

443 4065 514 4078 'a

132 4175 138 4183 ·
179 4155 218 4222 (1)
238 4155 312 4220 Apol.
334 4158 369 4208 11.
392 4158 431 4208 14.
