2978 5106
630 429 674 492 te

158 629 420 702 Monotheismum
434 625 535 694 uhiris
544 633 695 715 turgescet
712 620 997 706 rindicarerclcat,
1016 626 1139 718 ipsum·
1186 593 1192 608 ’
1256 659 1260 665 ,

161 773 222 844 qne
245 757 367 840 πρῶτον
399 755 452 832 τῆς
477 748 612 832 ἀληθοῦς
646 745 820 830 θεοσεβείας
851 735 1007 831 γνώρισμα
1035 769 1139 814 rocas·

158 886 205 940 set
221 871 290 962 (1);
310 891 350 935 ne
370 867 471 934 dicam
489 863 680 932 Christianos
699 863 859 930 Trinitatis
877 864 1050 954 placitum,
1067 865 1142 933 licet

160 1004 255 1082 caput
284 1003 315 1057 et
340 1009 490 1056 summam
516 986 673 1076 religionis
703 983 897 1052 Christianae
924 1007 962 1053 co
979 988 1142 1054 vcontineri

159 1123 310 1204 putarent
329 1108 399 1198 (2),
425 1105 606 1198 mysterium
624 1105 796 1186 hahentes,
814 1106 917 1172 minus
937 1129 994 1197 per
1014 1107 1140 1198 partes,

162 1231 334 1298 accuratius
369 1227 500 1294 definire
529 1227 632 1294 solitos
662 1225 766 1294 tuisse.
821 1225 930 1292 Jcsum
959 1225 1141 1308 Christum,

162 1373 258 1444 qnare
289 1348 459 1417 Christiani
485 1348 546 1416 Ilei
574 1348 669 1413 instar
697 1347 854 1428 colerent,
883 1348 1145 1438 quamplurimis

162 1471 351 1562 argumentis
375 1469 450 1536 alihi
474 1469 617 1558 explicat.
666 1467 755 1552 Quod
773 1467 813 1534 ad
838 1467 990 1560 Spiritum
1010 1471 1143 1552 attinet,
1266 1461 1269 1468 ¹

162 1592 302 1660 lustinus
326 1589 448 1660 ridetur
473 1589 557 1655 hunc
580 1587 725 1654 habuisse
742 1590 946 1676 ἂρχάγγελον,
972 1591 1057 1681 Lego
1076 1613 1145 1658 ser.

163 1713 299 1779 vientem
321 1712 392 1801 (3);
419 1711 512 1778 rerho
529 1723 651 1779 tantum
671 1707 711 1774 de
728 1731 765 1776 eo
784 1711 865 1800 agiu
888 1713 976 1801 cujus
993 1711 1040 1776 rei
1055 1733 1146 1780 causa
1226 1778 1229 1784 ,

163 1836 198 1900 in
215 1857 252 1901 cc
271 1831 448 1924 quaerenda
465 1831 610 1926 ridetur,
634 1829 718 1922 quod
735 1830 877 1897 Ethnicis
897 1829 1146 1899 Christianorum

163 1954 203 2021 de
222 1954 344 2046 Spiritu
363 1953 504 2022 doctrina
521 1966 553 2020 et
569 1953 668 2020 cultus
687 1927 789 2019 minus
807 1965 901 2033 ncta,
925 1974 983 2018 nec
1000 1952 1078 2019 edeo
1097 1955 1149 2020 oi-

163 2075 296 2144 iensioni
325 2075 418 2142 fuisse
447 2074 611 2142 ridentur:
645 2073 807 2155 lustinus,
840 2071 900 2139 hoc
924 2074 1039 2165 placito
1058 2073 1146 2141 exhi·

162 2195 290 2277 hendo,
332 2194 366 2261 id
402 2196 475 2263 satis
513 2195 709 2278 obtinuerat,
744 2193 828 2286 quod
856 2194 1000 2277 solebat,
1032 2218 1149 2287 nempe

164 2314 355 2384 Christianos
381 2315 467 2384 haud
495 2315 600 2383 atheos
628 2337 714 2398 csse,
746 2314 800 2382 sed
823 2314 928 2382 dirina
953 2317 1148 2391 etcoelestis

165 2459 332 2528 agnoscere
343 2486 352 2518 ,
375 2437 511 2504 revereri
534 2449 565 2502 ct
588 2435 699 2504 colere.

210 2556 326 2625 ldultm
360 2570 405 2624 cst
437 2557 579 2625 lustinus
611 2558 644 2622 in
677 2556 716 2623 iis
737 2555 873 2646 'placitis
895 2555 1098 2648 exponendis
1117 2571 1149 2625 et

162 2678 377 2761 vindicandis,
402 2679 515 2768 quihus
544 2675 733 2748 Christianos
757 2699 819 2744 non
840 2675 1008 2747 defendere
1025 2690 1148 2745 tautum
1186 2721 1188 2726 .
1270 2745 1273 2750 ,

163 2811 197 2866 et
215 2797 363 2880 laudare,
387 2821 495 2870 rerum
514 2799 596 2890 ipsos
615 2797 766 2888 llthniccs
778 2797 926 2867 stultitiae
943 2812 975 2866 et
993 2798 1148 2889 iniquita-

162 2917 216 2986 tis'
229 2917 434 3008 convincere,
467 2932 585 2990 terrore
608 2919 776 3009 percellere
798 2931 834 2985 et
848 2917 889 2984 ad
909 2916 1084 2986 Christiana
1101 2943 1149 2987 sa·

164 3061 218 3104 cra
236 3039 361 3125 allicere
379 3053 491 3131 posset.
531 3040 649 3108 Placita
665 3040 799 3108 dicimus
819 3040 860 3107 de
878 3040 999 3108 Animi
1014 3045 1150 3108 immor·-

164 3161 319 3242 tala'tatc,
343 3159 482 3229 Iudicio
505 3185 673 3252 supremo,
705 3175 737 3229 et
765 3162 1043 3242 Eumeneticam
1068 3185 1149 3254 quac

165 3281 227 3354 tria
246 3281 416 3382 arctissime
431 3284 562 3373 jungere
582 3283 669 3352 solet.

212 3400 306 3467 llsud
337 3415 456 3469 temere
484 3425 556 3471 sane
585 3403 775 3494 hpoloffctac
801 3402 839 3469 ex
867 3402 950 3494 ipsis
969 3402 1018 3470 his
1047 3404 1149 3471 trihus

167 3521 291 3611 placitis
302 3519 549 3604 Christianorum
558 3523 768 3596 innocentiam
777 3522 968 3608 defenduut,
979 3545 1151 3614 eorumque

197 3893 238 3962 (l)
258 3896 366 3948 Cohort.
385 3897 429 3949 ³6.

198 3975 239 4044 (2)
256 3979 296 4032 ct.
311 3995 454 4039 usnemu,
475 3976 728 4042 Deorum-(leem,
755 3975 802 4028 Th.
824 3976 847 4026 1.
867 3991 925 4041 pag.
942 3973 1003 4025 474.

195 4058 237 4126 (8)
255 4062 671 4121 cr.1monoontmoemo=
689 4061 716 4110 iu
738 4060 861 4125 Theclae.
881 4059 997 4111 Stultos
1015 4061 1074 4110 aod
1091 4059 1156 4111 Kri-

165 4144 254 4208 lr'hsn,
274 4146 403 4214 tohsgoog
422 4145 498 4198 teat.
518 4150 602 4198 ersten
619 4147 698 4209 Μ,
718 4161 777 4216 μβ.
796 4142 848 4196 77²
865 4159 922 4208 ⁸³⁴1·
