3010 5110
645 453 684 516 17

168 645 465 740 esdem'probende
477 697 486 728 ,
515 645 737 714 rerum-simul
771 646 895 712 uberius
918 659 950 715 et
970 652 1142 720 accuratius

167 785 243 844 tote,
261 769 508 838 Christianorum
534 789 582 832 res
611 765 800 857 explananda
829 777 912 848 crat,
937 782 1051 836 utnon
1070 784 1143 837 ten·

57 883 60 888 ¹
169 905 237 958 tum
277 887 466 955 Christianos
497 887 645 953 innocuos
672 909 734 953 esse
746 935 756 967 ,
777 909 883 952 verum
909 889 999 954 simul
1028 889 1144 959 Christi

166 1011 348 1100 religionem
372 1031 439 1074 cern
459 1029 524 1074 esse
542 1021 694 1098 peteret,‹
707 1029 786 1096 quae
807 1008 897 1074 unice
916 1031 1007 1090 rere,
1033 1011 1143 1078 certis-

168 1132 253 1198 simis
276 1131 379 1196 innire
404 1127 631 1210 fundamentis,
655 1127 796 1192 homines
813 1140 844 1192 et
862 1129 942 1194 eires
962 1127 1143 1196 informaret

167 1254 299 1342 optimos
311 1302 320 1333 ,
346 1251 465 1342 quique
486 1251 689 1316 tolerarentur
713 1261 816 1327 certe,
841 1247 1044 1337 dignissimos.

574 1451 710 1592 w

375 1738 428 1804 Dc
449 1737 581 1805 lustina·
602 1737 770 1802 scribendi
792 1741 933 1807 ratione.

212 1967 380 2040 Seribcndi
405 1967 485 2035 ratio
509 1969 649 2035 omnium
673 1971 878 2060 scriptorum,
903 1971 1145 2061 Apologetsrum

165 2093 319 2173 mannire,
340 2086 519 2180 explicando
539 2102 570 2156 et
585 2088 787 2178 dijudicanda·
803 2113 839 2155 cr
857 2091 940 2156 reris
960 2092 1146 2182 scriptorum

168 2211 294 2290 indole;
328 2231 365 2275 er
392 2207 539 2289 dirersis,
572 2205 611 2274 in'
634 2209 748 2299 quibus
765 2223 944 2292 versentur,
969 2225 1146 2302 temporum

167 2330 358 2410 rationibus3
395 2351 431 2394 er
456 2328 581 2395 dirersis
593 2379 602 2410 ,
633 2349 712 2418 quoe
741 2343 893 2412 tractant,
928 2334 1141 2422 argumentis3

166 2452 257 2531 aliis,
281 2471 360 2542 quae
378 2473 415 2515 cr
433 2449 482 2516 his
501 2450 599 2516 tribus
619 2451 704 2518 nesci
725 2453 832 2520 solent.
884 2455 927 2520 1⁰.
947 2453 1065 2520 Justini
1084 2455 1145 2520 riri

81 2577 84 2584 '
140 2569 342 2662 .philosophi
368 2583 399 2638 et
419 2569 520 2651 docti,
544 2563 702 2660 religionis
723 2568 838 2640 Christi
857 2585 962 2637 amore
987 2573 1145 2662 flagrantis

166 2690 280 2782 scripta
308 2688 448 2757 doctrinis
476 2703 508 2756 et
544 2689 738 2780 philosophiis
770 2691 861 2780 plena
892 2704 995 2760 sunt..
1030 2691 1144 2760 Omnia

165 2825 269 2880 tamen
285 2809 422 2900 produnt
440 2811 540 2878 virum
558 2809 684 2878 dicendi
702 2835 766 2878 non
784 2811 862 2880 adeo
880 2815 1028 2903 peritum.
1061 2815 1144 2882 Num

163 2931 222 2998 etsi
248 2930 405 2998 scribendi
433 2931 512 2998 ratio
535 2945 581 2997 est
595 2931 745 2999 facilis-ct
762 2934 946 3023 perspicue,
972 2949 1077 3001 tumen
1093 2922 1143 3001 lu·¹
1203 2986 1207 2992 .

164 3049 252 3117 cidus
276 3049 352 3117 ordo
371 3049 456 3116 houd
473 3039 543 3117 raro
562 3049 764 3120 desideretur.
813 3053 879 3122 Neo
897 3054 1062 3121 verborum
1083 3025 1159 3142 de-·¹

162 3172 280 3252 lectus,
304 3191 362 3236 nec
381 3171 580 3260 periodorum
598 3185 750 3250 structure
769 3175 882 3263 placet.
930 3176 1055 3264 Longus
1071 3176 1143 3244 illue
1249 3271 1250 3276 γ

164 3291 388 3384 digressiones,
429 3291 582 3380 (tustinus
609 3293 792 3382 plerumque
824 3293 920 3360 literis
950 3294 1141 3386 consignasse

162 3411 285 3480 videtur
296 3462 307 3494 ‚
330 3425 423 3504 prout
448 3411 508 3478 hoc
526 3413 573 3478 rel
593 3411 670 3478 illud
689 3413 751 3502 ipsi
774 3413 808 3478 in
825 3426 963 3480 mentem
981 3417 1139 3504 veniebat)

163 3532 205 3598 nd
228 3556 264 3599 ce
276 3581 287 3615 ,
310 3556 389 3624 quoe
408 3532 493 3624 ugit,
516 3555 627 3623 perum
649 3534 817 3616 facientes,
842 3534 1003 3602 festidium
1023 3551 1139 3606 creent.

163 3654 212 3720 Nc
231 3654 300 3744 quis
318 3667 422 3720 tomen
441 3653 524 3719 dioto
547 3653 590 3719 ite
608 3653 761 3744 accipiet,
786 3677 822 3721 ae
846 3655 871 3721 si
896 3658 997 3724 nullus
1024 3645 1158 3748 excep-'

161 3772 343 3840 tioni'locus
363 3771 463 3842 detur.
499 3772 659 3840 Interdum
676 3773 815 3842 Justinus
834 3799 935 3843 merus
953 3791 1055 3843 orator
1073 3791 1139 3859 est,

161 3892 291 3958 lectores
310 3905 342 3959 et
354 3891 475 3983 judices
493 3894 631 3960 alliciens
650 3916 686 3960 ec
704 3917 851 3976 movens,
876 3897 960 3990 quod
979 3897 1024 3963 ibi
1043 3899 1140 3964 mesi-

160 4033 213 4078 me
244 4011 508 4104 deprehenditur,
541 4013 596 4080 uhi
617 4012 656 4079 de
678 4015 835 4107 religionis
856 4013 932 4083 chr.
951 4013 1138 4107 praestantia

54 4177 62 4198 .
161 4133 289 4223 ejusque
326 4134 360 4200 in
398 4133 560 4201 hominum
593 4135 710 4202 animos
736 4135 767 4200 ri
796 4149 827 4201 et
852 4134 1035 4204 efficacitate
1063 4140 1137 4231 agit.

981 4263 1000 4322 2
1092 4278 1094 4290 .
