3010 5110
670 409 709 472 15

196 631 268 679 oum
276 608 465 687 doctrinam,
475 619 541 672 tum
550 607 683 670 maxime
693 605 748 695 qui
758 627 827 670 eam
837 605 1075 695 profitebantur,
1086 610 1180 677 latius

193 733 381 822 explanare,
401 727 482 794 tueri
501 740 533 793 et
552 724 721 794 vindicare.
756 726 987 800 Persecutiones
1005 729 1176 810 nimirum,

193 854 257 920 aire
277 850 422 943 publicae
441 849 505 914 sire
523 849 680 938 privatae,
699 847 884 928 effecerunt,
906 849 1101 917 artusinus
1116 875 1179 918 non

195 972 430 1051 manducaret,
454 969 594 1050 libellos,
619 991 656 1035 eo
668 1019 677 1050 ,
689 1023 691 1028 .
703 968 787 1059 qnod
806 992 898 1059 supra
919 955 1178 1061 signihoarimus,

194 1093 344 1172 oonsilio,
376 1091 410 1158 in
436 1091 544 1180 vulgus
577 1112 720 1182 spargere
732 1141 741 1173 ,
774 1111 882 1156 rerum
906 1091 1001 1158 etiam
1020 1105 1177 1160 uteorum

192 1212 437 1304 Imperatoribus
455 1211 586 1301 aliisque
604 1210 808 1279 nobilioribus
822 1211 872 1301 rai¹
888 1207 1098 1294 Christianae,
1120 1237 1177 1281 suo

192 1335 309 1415 modo,
328 1357 383 1400 ore
402 1346 434 1400 et
451 1333 575 1424 scriptis
585 1375 596 1414 ‚
619 1332 771 1400 vindicias
789 1330 904 1423 ageret.

238 1455 322 1522 llino
348 1453 450 1535 duae,
472 1453 599 1545 proprie
626 1454 670 1520 sio
698 1453 820 1534 diotae,
845 1448 1026 1521 exstiterunt
1047 1453 1177 1546 Apolo—

190 1581 294 1668 με,
326 1576 439 1640 eximia
464 1575 516 1641 illa
536 1573 730 1665 antiquitatis
749 1571 943 1643 Christianae
960 1589 1173 1650 monumenta.

238 1697 377 1764 Primam
403 1675 533 1786 eamque
561 1697 711 1785 majorem
740 1695 865 1763 circiter
893 1719 1009 1763 annum
1039 1683 1101 1764 139
1127 1697 1175 1786 (1)

192 1815 376 1904 (secundum
395 1817 470 1884 alios
493 1817 590 1903 150),
629 1839 691 1906 quo
718 1793 893 1897 variarum,
928 1817 1044 1907 quibus
1070 1839 1178 1884 ornnes

191 1938 257 2004 lore
275 1937 457 2004 Provinciae
473 1935 718 2028 premebantur,
742 1937 953 2002 calamitatum
971 1937 1019 2026 (2)
1036 1949 1178 2005 auctores

191 2056 361 2126 Christiani
400 2078 466 2124 esse
502 2056 712 2148 putabantur,
759 2057 919 2125 hntonino
954 2057 1012 2125 Pio
1047 2061 1175 2149 ejusque

190 2179 287 2259 liliis,
328 2177 459 2246 Senatui
494 2191 526 2244 ot
559 2177 620 2268 ipsi
650 2176 766 2267 populo
794 2177 834 2245 R.
870 2175 1012 2244 tustinus
1047 2176 1173 2250 obtulit.

190 2299 293 2366 Probe
323 2300 422 2367 sciens
452 2299 642 2390 hpologetae
673 2319 787 2366 munus
814 2298 967 2390 polemici
994 2313 1082 2389 parta
1113 2323 1176 2368 non

191 2421 329 2502 absolui,
361 2443 425 2487 non
449 2419 523 2518 patio
540 2417 628 2488 duait
647 2416 837 2486 Christianos
854 2419 1003 2485 innocuos
1021 2419 1173 2508 probam
1199 2400 1201 2406 ¹

191 2557 299 2608 rorum
316 2543 412 2608 etiam
432 2539 587 2608 didactica
604 2553 714 2631 parte,
731 2542 828 2631 elque
842 2540 908 2606 lere
926 2541 1043 2628 majore
1053 2589 1064 2620 ‚
1075 2551 1174 2606 toturn

189 2684 313 2730 cauum
333 2659 540 2728 Christianam
565 2661 609 2728 ita
627 2660 774 2751 exponit,
797 2673 834 2728 ut
852 2659 1026 2726 docuinam
1036 2709 1047 2741 ,
1070 2683 1173 2728 mores-

187 2787 221 2850 et
239 2783 379 2850 instituta
398 2780 647 2854 Christianorum
664 2782 801 2847 reforma
811 2829 822 2861 ,
848 2793 962 2871 quanta
979 2779 1173 2849 Christianae

190 2902 352 2972 doetrinae
361 2902 548 2994 praestantia
557 2904 615 2984 sit,
632 2881 664 2968 et
673 2915 862 2993 quantopere
873 2901 1172 2968 oeseeuirishomini

185 3021 409 3104 eommendet,
433 3035 683 3116 argumentorum
707 3023 797 3114 eopih
820 3021 1021 3090 demonstret.
1150 3023 1160 3034 ¹

233 3146 334 3213 roan
360 3143 438 3211 aaa
464 3145 618 3236 apologia
642 3144 676 3209 sn
692 3125 763 3210 “sas
781 3156 884 3234 pana
903 3141 1071 3212 aaaron:
1097 3165 1175 3234 qua-

189 3287 260 3333 rum
277 3267 404 3358 priore,
422 3267 462 3334 ab
482 3266 572 3334 initio
587 3264 628 3332 ad
649 3263 753 3355 Caput
772 3268 835 3345 22,
857 3262 1105 3331 Christianorum
1123 3267 1174 3332 in·

188 3387 384 3471 nocentiam3
410 3388 445 3454 in
462 3388 580 3471 altera,
599 3411 617 3454 a
633 3383 711 3478 Cap.
724 3389 851 3468 22-60,
870 3385 1053 3478 religionem
1062 3385 1171 3454 Chris·

189 3508 309 3575 tianam
331 3509 510 3576 certissimis
536 3509 598 3575 niti
625 3506 833 3600 argumentiu
864 3507 899 3574 in
918 3509 1028 3591 tertia,
1054 3531 1073 3573 a
1094 3504 1171 3598 Cap.

187 3629 320 3710 ttl-oe,
355 3627 433 3720 qnid
468 3629 502 3696 in
530 3627 778 3698 Christianorum
804 3625 959 3719 mysteriis
984 3639 1169 3720 peragatur,

188 3750 285 3822 fusius
308 3751 444 3842 exponit.

97 3957 106 3972 ⁰
216 3969 314 4036 (1)(11.
334 3983 467 4028 asanaa,
487 3969 498 4016 l
518 3967 727 4033 r.at1›th.p.
749 3966 826 4018 1112.

215 4051 255 4120 (2)
273 4054 314 4106 ct.
334 4070 418 4106 suarm
434 4067 594 4105 marronam
612 4054 639 4104 in
654 4052 792 4104 Aatoat‘so
809 4051 876 4114 Pto,
898 4050 958 4116 Gap.
970 4051 1015 4103 11.
1033 4065 1059 4119 p.
1072 4050 1172 4117 tlaqq.

181 4137 243 4189 edit.
264 4139 366 4206 Bipont.

897 4261 911 4302 0
