2978 5106
634 422 689 506 ss

213 613 358 696 Justino,
386 617 441 705 qui
468 616 643 682 Platonicae
663 613 875 705 philosophiae
899 640 1003 685 amans
1022 641 1142 688 sexcen-

167 737 226 804 ties
243 736 282 802 de
300 743 344 823 τῷ
362 744 456 822 νοερῷ
474 738 507 802 in
525 736 672 815 homine,
693 749 839 826 tanquam
858 751 946 827 parte
960 739 1057 805 divini
1075 751 1143 818 νοῦς

166 857 387 948 disputaverat,
405 871 562 948 etpostea,
582 859 693 924 intime
711 859 785 924 licet
804 880 974 948 persuasus,
985 859 1143 927 hominem
1246 947 1268 960 Ι,

164 990 289 1070 praeter
309 976 542 1068 inspirationem
560 978 676 1044 nullam
693 1000 796 1044 rerum
816 977 988 1044 divinarum
999 980 1143 1048 notitiam

95 1119 98 1124 ·
165 1097 227 1166 sibi
256 1120 433 1188 comparare
454 1073 566 1189 posse,
600 1111 705 1164 tamen
721 1100 820 1165 multa
837 1099 872 1166 in
889 1098 1143 1190 philosophorum

165 1218 287 1308 scriptis
327 1216 442 1286 Christi
479 1218 637 1286 doetrinae
664 1203 798 1310 congrua
827 1218 1058 1310 deprehendere
1084 1223 1143 1288 sihi

163 1338 340 1424 rideretur3
365 1339 465 1420 nihil,
491 1364 553 1429 quo
572 1363 635 1407 sese
653 1363 688 1406 ex
706 1341 765 1406 hac
776 1339 957 1408 difficultate
967 1341 1141 1432 expediret,
1233 1401 1236 1408 .

165 1460 323 1550 acceptius
341 1483 405 1528 esse
422 1473 544 1550 poterat
555 1510 565 1541 ,
590 1483 682 1550 quam
707 1461 835 1551 opinio,
859 1462 950 1543 λόγον
979 1460 1142 1544 ditinum,

163 1595 331 1671 antequam
342 1585 504 1658 ὑπόστασις
518 1582 616 1648 faetus
634 1595 712 1648 esset
722 1631 732 1662 ,
743 1581 919 1648 hominibus
938 1589 1144 1668 σπερματικῶς

165 1700 316 1781 adfuisse,
341 1713 434 1789 alque
452 1699 525 1766 hinc
549 1702 600 1768 διὰ
627 1707 661 1766 τὸ
682 1705 816 1784 ἔμφυτον
835 1703 951 1788 σπέρμα
973 1708 1024 1768 τοῦ
1052 1702 1143 1785 λόγου

163 1821 266 1888 ansas
287 1821 353 1887 vai
372 1835 403 1887 a
419 1821 498 1890 boni
517 1820 593 1910 quta
613 1821 756 1888 invenes.
773 1853 777 1860 «
796 1819 846 1888 aa
865 1801 1041 1886 soranam
1060 1821 1142 1887 diffi-

163 1941 311 2010 cultatem
323 1990 333 2022 ,
371 1938 479 2029 quidni
512 1939 675 2006 veritatem
706 1939 816 2006 melius
844 1940 1022 2029 philosophi
1051 1941 1143 2022 loyca

161 2061 517 2151 ouippcaocparticipes
540 2059 768 2141 exhibuissent,
787 2073 908 2150 praesto
932 2073 997 2126 erat
1015 2060 1142 2128 daemo-

161 2205 240 2250 num
267 2181 428 2264 doctrina3
459 2182 575 2271 quippe
605 2181 659 2271 qui
679 2182 851 2248 Daemones
877 2180 910 2246 id
934 2181 1019 2248 omni
1038 2181 1140 2250 studio

162 2303 313 2392 egissent,
328 2305 373 2368 ,ne
391 2303 502 2369 veritas
519 2324 537 2366 a
556 2299 749 2390 Philosophis
776 2277 859 2368 recte
889 2317 1138 2392 cognosceretur,

161 2424 387 2514 intelligeretur
410 2433 440 2488 et
464 2433 676 2512 exponeretur.

164 2601 169 2612 ,
207 2545 277 2612 lloo
313 2544 415 2642 posito
444 2541 664 2622 fundamento,
697 2541 838 2608 Justinus
866 2539 971 2610 sedulo
998 2542 1137 2623 laborat,

159 2677 196 2731 ut
208 2713 218 2746 ,
230 2663 346 2732 Christi
366 2662 504 2730 doctrina
520 2663 560 2728 ab
579 2664 629 2728 itta
647 2654 901 2752 philosophorum
917 2662 1000 2734 haud
1015 2686 1138 2755 prorsus

161 2786 261 2854 alieni
290 2785 438 2876 probati,
470 2783 680 2877 Christianos,
696 2798 701 2810 ’
715 2784 832 2874 quippe
861 2783 1001 2851 Ethnicis
1025 2785 1138 2852 similia

159 2907 275 2998 placita
293 2907 463 2996 professos,
484 2905 630 2983 defendat
649 2919 680 2972 et
699 2903 871 2992 tolerandos
890 2906 1002 2996 probet
1012 2930 1021 2986 ;
1048 2906 1139 2972 simul

156 3049 243 3095 veru¹
268 3029 367 3118 ipsam
405 3027 520 3094 Christi
548 3027 719 3094 doctrinam
748 3026 888 3094 Ethnieis
916 3026 1133 3110 commendet3
1176 3099 1178 3104 ,

158 3147 245 3240 quod
273 3148 415 3238 inprimis
438 3171 473 3215 ex
492 3170 528 3214 eo
546 3160 712 3238 appareat,
737 3148 811 3236 quia
829 3146 1074 3212 convenientiam
1093 3148 1136 3213 il-

157 3269 222 3336 lam
241 3268 275 3332 in
294 3267 331 3335 iis
349 3268 481 3334 maxime
498 3268 619 3358 placitis
638 3264 886 3356 conspiciendam
906 3265 1026 3332 evincat
1037 3317 1047 3348 ,
1058 3291 1137 3357 quae

157 3410 235 3478 prae
261 3388 329 3454 aliis
353 3387 501 3455 Ethnicos
529 3386 736 3467 offenderent,
757 3387 805 3454 vel
825 3408 958 3477 quorum
976 3388 1136 3454 veritatem

159 3508 285 3576 eosdem
304 3531 486 3599 agnoscere,
512 3506 757 3576 Christianorum
774 3507 907 3572 maxime
925 3507 1088 3576 referebat.

205 3629 307 3720 Supra
321 3632 388 3718 jam
407 3629 559 3709 vidimus,
580 3637 685 3718 poetas
703 3641 733 3694 et
751 3627 964 3718 philosophos,
975 3627 1134 3694 exJustini

158 3765 284 3832 mente,
312 3771 408 3816 unum
436 3763 556 3816 tantum
575 3751 677 3816 Deum
696 3749 846 3818 statuisse.
892 3750 1028 3815 Probata
1047 3749 1134 3814 diffi-

160 3871 250 3938 cilius
268 3884 352 3952 erat‚
372 3869 561 3961 philosophis
580 3884 611 3937 et
628 3870 727 3960 potitis
741 3869 816 3936 Jasu
829 3868 944 3935 Christi
954 3891 1133 3959 personam,
1206 3859 1207 3863 ¹

160 4014 283 4082 prorsus
293 3993 494 4083 peculiarem,
505 4005 608 4058 notam
630 3981 734 4070 fuisse,
754 4004 785 4058 et
802 3968 857 4055 ho‘s
872 3989 983 4056 similia
994 3991 1044 4072 iis,
1055 4016 1134 4082 quae

160 4112 326 4182 Christiani
346 4113 385 4181 dc
403 4115 477 4181 Jesu
502 4111 622 4180 Christo
644 4112 798 4192 dicerent,
816 4111 965 4180 docuisse.
994 4112 1135 4180 Justinus
