2978 5106
637 475 679 537 83

210 677 351 744 Justinns
378 673 438 740 hoc
462 673 611 762 placitum
632 684 883 763 argumentorum
903 672 991 762 eopitr
1012 671 1143 739 demon-

165 810 263 878 strat3
296 797 370 862 licet
392 793 501 860 ualidis
520 795 621 860 minus
641 789 743 858 salida
760 791 948 871 admisceat,
974 816 1032 859 nec
1055 794 1145 860 allata

165 917 322 985 subtiliter
359 915 567 997 demonstret,
601 915 674 980 talia
705 927 809 980 tamen
836 913 923 981 affert
935 963 944 994 ,
979 936 1057 1002 quae
1086 912 1145 980 hoc
1199 973 1205 988 ,

165 1038 315 1128 placitum
336 1057 447 1125 negare
466 1035 594 1102 stultum
613 1057 676 1100 esse
701 1034 889 1106 evincerent.

213 1158 259 1224 Er
286 1168 536 1245 argumentorum
565 1154 755 1244 expositione
776 1155 907 1246 quisque
925 1151 1027 1234 ridet,
1048 1151 1147 1218 Justi-

167 1299 244 1344 num
262 1277 363 1356 minus
383 1276 546 1356 laborare,
571 1289 603 1340 ut
623 1275 733 1364 probet
754 1273 944 1340 Christianos
964 1270 1040 1339 illud
1051 1273 1149 1362 placi-

167 1410 236 1464 tum
265 1394 362 1462 haud>
383 1417 516 1484 negare,
550 1393 605 1460 sed
630 1393 664 1460 id
687 1417 777 1483 agere
789 1443 798 1474 ,
832 1407 866 1460 ut
896 1391 1085 1458 Christianos
1109 1391 1151 1458 ob

165 1516 228 1586 hcc
246 1518 347 1606 ipsum
366 1517 516 1606 placitum
536 1514 640 1582 laudet
660 1538 695 1580 ac
714 1513 883 1594 defendat,
903 1513 1147 1580 Judicescontra

168 1637 277 1704 stultos
295 1637 432 1716 evineat,
454 1635 509 1725 qui
521 1631 707 1706 Christianos
728 1634 790 1700 tale
813 1633 964 1724 placitum
982 1644 1149 1699 statuentes

166 1769 446 1848 persequerentur3
470 1755 595 1844 iniquos
614 1755 708 1835 item,
729 1754 913 1849 inhumanos
932 1767 962 1820 et
985 1751 1148 1833 crudeles,

168 1878 286 1968 quippe
316 1877 392 1967 qui,
411 1876 438 1942 si
454 1875 531 1942 illud
556 1897 618 1942 non
645 1888 863 1966 agnoscerent,
888 1896 947 1939 nec
966 1874 1062 1940 ullum
1082 1886 1152 1963 post

166 1997 230 2064 ieta
247 2018 369 2064 sensum
387 2007 544 2085 superesse
563 1995 745 2074 crederent,
771 1994 962 2062 Christianos
979 2004 1150 2072 necarent,

167 2140 233 2184 nun
259 2129 295 2184 ut
321 2115 357 2182 hi
385 2115 631 2206 perpessicnibus
659 2115 885 2196 liberarentur,
915 2134 1023 2180 rerum
1043 2113 1148 2206 omni·
1247 2196 1252 2204 ‚

166 2237 228 2302 bus
255 2235 332 2304 ocris
344 2285 353 2320 ,
378 2236 441 2302 vitri
465 2259 578 2326 nempe
607 2248 638 2302 et
656 2236 835 2326 uoluptate,
865 2236 1060 2324 privarentur
1078 2232 1149 2322 (1),

167 2355 253 2447 quod
280 2347 373 2446 ¹quam
401 2356 556 2446 ingeniose
584 2368 614 2420 et
646 2377 682 2421 ex
701 2377 774 2422 uero
795 2355 915 2422 dictum
934 2355 994 2435 sit,
1019 2355 1151 2443 quisque

168 2475 265 2544 ridet.
689 2479 691 2484 '

215 2593 457 2666 Dilectissimum
476 2595 518 2660 de
537 2599 777 2662 resurrectione
794 2596 944 2684 placitum
958 2615 1065 2686 coneo
1077 2593 1148 2683 qui·

166 2718 240 2784 dem
258 2717 422 2798 acumine,
452 2737 515 2804 quo
534 2713 766 2803 Athenagoras,
791 2715 845 2782 scd
863 2728 966 2781 tamen
984 2711 1070 2778 haud
1087 2712 1148 2778 mi-

166 2861 225 2904 nus
242 2837 332 2926 copie
350 2848 622 2926 argumentorum,
641 2859 720 2925 quae
739 2832 1147 2924 ethodieerparteralent,

167 2958 292 3049 egregie
310 2957 421 3048 probat
435 2957 505 3045 (2);
528 2957 661 3022 maxime
683 2958 714 3022 in
734 2957 816 3024 libro
840 2961 907 3043 περὶ
927 2961 1056 3044 φοβερᾶς
1069 2957 1146 3022 ἂνα-

165 3085 312 3158 σνάσεως,
342 3079 428 3168 cujus
458 3077 629 3166 fragmenta
658 3077 747 3144 nobis
766 3077 904 3146 servarit
924 3093 1064 3144 soranus
1083 3091 1149 3140 cn·

166 3217 341 3266 unscnnus.
424 3249 426 3256 .
802 3200 805 3209 '

209 3319 361 3384 Provocat
387 3317 525 3407 primum
542 3329 627 3384 recte
645 3315 685 3381 ad
703 3315 798 3406 ipsius
815 3315 892 3384 Jesu
910 3311 1147 3391 auctoritatem,

165 3439 223 3528 qui
240 3439 496 3506 resurrectionem
513 3411 717 3504 cantantum
736 3436 899 3526 promisit,
917 3457 1025 3502 rerum
1045 3447 1075 3500 et
1095 3455 1149 3498 suo

166 3558 233 3648 ipse
270 3558 409 3648 exemplo
436 3559 695 3625 ‘resurrectionem
731 3557 943 3648 comprobavit
955 3607 964 3638 ,
993 3552 1148 3644 ingeniose

167 3678 258 3745 umal
281 3673 429 3759 monens,
452 3679 582 3761 Jesum,
612 3681 669 3746 ubi
696 3679 952 3747 resurrectionem
971 3673 1148 3767 promittit,

168 3797 203 3864 id
223 3797 262 3864 de
281 3810 346 3866 toto
364 3797 490 3863 homine
510 3800 706 3889 significasse.
748 3793 751 3801 ⁴
820 3817 823 3822 ·

194 4099 234 4166 (l)
252 4099 328 4166 Apol.
350 4103 371 4152 1.
392 4101 434 4153 57.

195 4185 234 4252 (2)
254 4185 328 4251 Apol.
348 4188 370 4238 1.
393 4189 441 4247 18,
465 4188 511 4248 ts,
526 4186 574 4241 20.
