3010 5110
616 428 653 490 31

193 627 393 720 Philosophi,
437 625 478 694 ol>
512 623 669 694 deiectum
699 621 882 714 religionis,
921 645 982 692 non
1009 641 1126 714 pausos

149 753 250 822 ubivis
267 750 522 820 nnohsebantur
541 757 727 825 sectatores,
760 744 815 834 qui
838 766 899 812 una
916 765 990 811 eum
1009 747 1126 835 magir-
1169 779 1171 786 ⁴

147 874 225 954 tris,
254 872 376 962 placitis
400 869 461 937 snis
490 867 723 958 superbientes,
747 863 898 956 pontiu
915 866 1044 938 meliora
1063 889 1126 936 non

148 992 309 1074 riderent,
327 990 428 1060 ubivis
445 987 689 1078 Polytheismum
708 985 863 1067 stabilire,
883 983 1128 1056 chrhuanorum

23 1123 29 1138 '
148 1133 223 1180 vero
247 1112 336 1180 unius
362 1110 422 1178 llei
441 1109 560 1180 nultum
578 1107 761 1198 inspienter
779 1103 948 1184 absurdum
967 1105 1129 1185 ostendere

150 1231 328 1300 studebant.

195 1353 309 1433 Plebs,
328 1327 527 1442 philosophos
545 1370 594 1420 res
621 1347 740 1418 divinas
763 1346 886 1437 penitus
904 1347 1079 1444 perspicere
1096 1361 1128 1416 et

148 1476 333 1566 longepres
351 1472 444 1562 plebe
462 1492 568 1560 sapere
586 1469 781 1549 existimms,
805 1468 861 1538 hos
881 1470 1011 1559 plurimi
1031 1469 1129 1536 duoe-

151 1595 219 1666 hat.
274 1591 481 1672 Reverentia,
514 1596 575 1680 quis
610 1588 807 1680 philosophos
842 1590 1129 1680 prosequebantur,

150 1715 250 1804 major
277 1725 343 1779 erat
355 1761 366 1792 ,
399 1723 491 1801 prout
519 1709 704 1799 antiquitete
732 1721 764 1780 et
789 1710 924 1784 nominis
950 1711 1131 1786 celebritate

150 1831 332 1925 gauderent.
389 1830 473 1898 llino
498 1829 697 1919 intelligitur,
729 1829 785 1919 qni
804 1839 991 1919 potiusnon
1008 1845 1129 1903 tantum

151 1955 317 2044 antiquos,
350 1972 457 2018 rerum
481 1947 679 2040 philosophos
693 1967 771 2024 oum
789 1950 872 2019 illius
891 1951 959 2022 aeri
978 1964 1045 2020 tum
1063 1973 1130 2019 ma·

138 2045 232 2140 'xime
259 2059 508 2160 antiquissimos,
541 2089 711 2159 eorumque
739 2068 943 2152 olarininros,
970 2071 1130 2143 Platonem

149 2207 183 2261 et
201 2192 421 2272 Aristotelem,
441 2193 543 2264 sanott
561 2188 695 2281 quadam
714 2191 885 2266 reverentii
904 2215 1132 2283 prosequeren-

152 2327 225 2394 tur,
250 2333 420 2401 eorunsqus
443 2310 556 2400 scripte
575 2310 751 2386 llrmisrluu
769 2311 927 2402 religionis
943 2333 1016 2386 strae
1033 2314 1131 2386 fulera

150 2428 305 2510 heberent
329 2431 391 2522 (1).
697 2523 702 2534 κ

198 2553 244 2622 Er
260 2553 310 2620 his
326 2573 419 2626 nemo
437 2573 500 2621 non
519 2551 686 2641 intelligit,
706 2573 800 2644 quarn
818 2549 949 2626 utinum
966 2551 1132 2623 essetJus·

150 2673 236 2754 tino,
266 2670 456 2744 Christianos
483 2672 524 2746 ab
551 2671 721 2761 impletoris
754 2671 884 2746 uimine
909 2694 973 2741 non
1000 2672 1135 2743 liberare
1195 2717 1200 2728 -
1272 2689 1275 2698 ⁴

152 2805 295 2874 tentum,
317 2813 426 2874 rerunt
454 2804 486 2868 et
515 2791 640 2882 plebeus
668 2804 699 2866 et
726 2791 928 2884 Philosophot
960 2791 999 2866 de
1035 2795 1133 2884 Poly-

152 2911 280 2982 theismi
307 2913 440 2985 ulsuts
457 2912 656 2995 omrinoers3
676 2933 810 3002 suusque
829 2913 970 3004 singule,
993 2937 1073 3005 quas
1092 2914 1135 2990 ah

152 3033 191 3107 tis
212 3033 309 3124 ohjioi
327 3033 489 3114 solebant,
511 3033 676 3124 profligare
695 3035 876 3134 oportuisse,

196 3151 337 3224 Jusunus
365 3153 426 3226 hoo
447 3153 546 3244 probe
563 3146 737 3237 sentiebam
764 3153 847 3230 unde
865 3177 990 3246 qnoque,
1004 3157 1040 3228 in
1057 3157 1133 3226 nul-

150 3273 211 3346 ltu·
241 3274 307 3342 lere
334 3275 509 3366 argumenti
535 3275 746 3367 expositione,
769 3275 854 3366 quod
883 3299 955 3350 suns
978 3277 1136 3370 plerisque

154 3392 248 3483 hujus
275 3395 344 3466 seri
381 3395 559 3487 Apologetis
587 3417 751 3468 sommum
777 3395 894 3479 hebet,
927 3399 1017 3490 ptura
1039 3423 1135 3490 ergu-

153 3527 259 3582 menta
277 3516 439 3604 congessit.
460 3517 620 3607 Nusquam
628 3516 883 3606 mojoreduoitnr
891 3491 1023 3602 uslere,
1038 3542 1134 3610 qnam

155 3633 213 3700 uhi
230 3635 474 3725 Polytheismnm
492 3636 659 3728 infringere
676 3638 789 3711 studet.
838 3638 921 3728 Quid
939 3642 1069 3708 mnuml
1093 3638 1134 3706 de

156 3753 360 3843 Polythsismi
385 3755 519 3824 venitote
542 3761 669 3850 g'usque
688 3761 839 3852 origines
856 3762 945 3829 malis
963 3764 1134 3830 Daemoni-

155 3874 214 3942 bas
233 3873 387 3964 petendi,
411 3898 468 3944 neo
485 3877 588 3948 minus
605 3877 645 3948 de
658 3881 815 3972 religionis
832 3879 1024 3950 Christianos
1042 3883 1135 3951 unice

189 4141 229 4210 (l)
246 4144 398 4208 harumna,
420 4146 438 4196 l.
457 4163 480 4197 e.
501 4161 557 4210 pag.
577 4145 635 4196 132.
