3010 5110
673 433 749 494 11,

247 634 338 722 Quod
358 631 399 702 ad
420 630 630 730 integitutem
643 617 658 711 ,'
676 629 703 697 si
721 629 813 698 nobie
829 628 933 698 dicere
950 630 1064 712 licem,
1089 646 1185 722 puta·

168 735 170 742 ,
199 759 336 826 serimus
361 753 445 824 houd
473 774 587 844 pacem
617 751 666 818 ibi
690 751 815 818 lacunas
843 751 981 842 reperire
1004 752 1065 822 sihi
1084 753 1183 834 risos,

200 881 259 948 ubi
284 901 347 946 non
374 888 514 955 exstant,
546 875 622 942 licet
637 878 793 966 'negatum
821 874 958 942 nolimus
981 873 1036 944 hic
1063 888 1094 976 ct
1121 875 1185 944 illic

94 1017 100 1027 ·
201 1001 349 1068 nonnulla
377 995 548 1066 excidisse·
586 993 747 1085 Quidquid
765 993 858 1084 hujus
876 995 922 1068 rei
942 995 1015 1074 sit„
1030 1019 1110 1085 quae
1129 1019 1189 1066 en·
1249 1081 1251 1087 Ι

199 1133 302 1202 stant,
335 1119 369 1184 in
392 1140 485 1185 usum
506 1128 649 1184 nostrum
667 1128 891 1188 convertemus.
940 1114 1030 1201 Quod
1049 1115 1187 1207 denique

199 1254 322 1330 tempus
360 1239 495 1318 attinet,
536 1259 644 1306 eorum
673 1235 855 1304 sententiam
885 1257 1070 1327 sequemur,
1104 1261 1187 1328 quae

199 1361 308 1440 nobis,
325 1383 359 1426 re
378 1359 450 1426 satis
466 1357 640 1448 explorata,
661 1357 801 1422 omnium
815 1356 879 1436 risa
890 1369 936 1423 est
949 1357 1184 1428 verisimillima.
1233 1354 1244 1360 ”

245 1481 294 1548 lie
315 1480 445 1570 singulis
463 1479 624 1569 sequentia
640 1477 695 1551 hic
713 1477 872 1561 xmonuisse
895 1478 1063 1548 suffecerit.

247 1606 350 1684 Aiyoe
381 1606 455 1688 πρὸς
484 1601 639 1686 Ἓλληνας
677 1613 722 1666 est
755 1601 879 1690 exiguus
899 1601 1055 1682 'lihehus,
1098 1601 1182 1670 haud

200 1720 273 1801 diu,
306 1734 342 1787 ut
374 1719 516 1801 videtur,
549 1732 618 1810 post
641 1721 871 1790 consessionem
898 1722 1109 1814 conscriptus:
1137 1723 1186 1791 fa·

198 1842 286 1910 ciunt
313 1863 372 1932 pro
403 1839 463 1906 hac
488 1842 662 1922 sententia,
696 1847 740 1912 1⁰.
760 1842 845 1932 quod
875 1841 1022 1933 Capitol
1051 1845 1187 1912 rationes

199 1962 344 2054 obponit,
371 1961 413 2027 ob
432 1983 508 2052 quas
522 1963 685 2052 gentilium
705 1963 888 2053 religionem
907 1963 1031 2030 mimam
1050 1966 1181 2048 iecerit3

199 2087 246 2152 2⁰.
271 2079 430 2148 scribendi
457 2077 538 2147 ratio
550 2129 561 2162 ‚
595 2105 675 2173 quae
694 2057 796 2150 ubivis
820 2082 1019 2166 dominatur,
1043 2086 1184 2154 animum

198 2202 333 2294 prodens
357 2201 520 2293 gentilium
548 2203 730 2293 religionem
757 2203 972 2296 indignantem
998 2219 1031 2276 et
1050 2206 1185 2274 irriden-

198 2337 263 2391 tem
275 2373 285 2404 ,
317 2320 512 2391 Christianae
533 2337 640 2390 contra
667 2323 777 2390 ardore
802 2325 951 2416 plenum,
976 2327 1019 2394 ita
1044 2341 1078 2395 ut
1097 2327 1181 2398 haud

200 2445 267 2510 sine
284 2442 501 2512 ilnthusiasmo
523 2444 672 2534 scriptum
692 2467 775 2526 esse,
801 2446 873 2514 luce
891 2449 1002 2513 clarius
1022 2463 1182 2537 appareat.

199 2563 244 2632 Ut
267 2562 329 2629 hoc
353 2578 456 2632 autem
482 2551 589 2631 eorum
609 2565 642 2630 in
661 2565 837 2632 universum
856 2569 1016 2659 proprium
1036 2583 1102 2649 est,
1127 2571 1181 2660 qui

197 2685 231 2750 in
250 2707 323 2751 reno
341 2685 518 2775 quaerendo
537 2685 593 2752 diu
611 2687 771 2769 frustrati,
789 2687 924 2779 denique
942 2688 1020 2756 illud
1031 2690 1182 2757 invenisse
1257 2727 1261 2736 ·

199 2805 258 2872 sibi
283 2803 451 2888 ridentur,
484 2809 528 2876 ita
557 2831 664 2876 eorum
683 2810 848 2902 maxime,
868 2811 923 2901 qui
942 2810 982 2876 ad
999 2811 1182 2900 religionem
1230 2807 1233 2816 '

201 2923 408 2998 Christianam
431 2931 570 2996 conversi
594 2943 675 3001 uret.

189 3226 290 3290 gionem
316 3244 387 3276 suam
416 3226 544 3277 contineri
567 3230 593 3276 ei
612 3224 712 3274 fundari
732 3223 853 3274 dicebant
869 3226 988 3287 ethnici,
1006 3201 1186 3280 iuctoritciem

189 3309 384 3374 infringendam.
419 3311 474 3360 lice
493 3311 600 3362 oonsilio
619 3311 725 3359 maxime
741 3308 844 3358 ducitur
863 3310 889 3358 in
903 3311 1023 3372 cobort.,·
1039 3314 1186 3366 Doctrinam

189 3393 221 3443 da
247 3395 315 3462 iiyg
340 3394 513 3464 σωματικῷ
534 3395 570 3447 ad·
590 3392 812 3446 commendandam
830 3395 979 3460 religionem
998 3398 1183 3463 Christianum¹

190 3479 286 3545 quippe
308 3481 375 3530 baud
394 3497 496 3546 prorsus
513 3481 620 3530 alienam
638 3497 651 3528 n
668 3479 878 3544 Philosophorum
896 3479 1031 3542 doctrina,
1053 3485 1104 3546 qud
1118 3500 1184 3532 ncn-

188 3563 277 3624 nnlle‚
299 3564 405 3614 obscure
420 3566 483 3614 licei
497 3568 525 3614 et
542 3564 694 3630 depravate,
714 3565 853 3629 Religionis
861 3565 919 3615 Chr.
932 3567 1026 3632 pinciis
1034 3568 1087 3631 jem
1099 3567 1184 3616 conii-

188 3653 322 3700 nerentur.
350 3649 402 3699 lice
419 3649 640 3702 oonsiliomaxime
652 3650 819 3716 inApologiir
829 3649 941 3702 ducitur.
971 3652 1114 3710 Nedinum,
1126 3667 1184 3702 oum

189 3733 245 3784 aliia
255 3751 313 3784 eum
320 3751 372 3785 rem
382 3735 492 3794 habere,
506 3736 550 3786 ubi
559 3737 639 3799 λόγου
650 3751 745 3801 onnon.
756 3735 899 3788 doctrinam
908 3736 1028 3796 adhibet,
1039 3753 1096 3786 oum
1109 3737 1184 3798 aliia,

189 3816 234 3868 ubi
252 3819 283 3872 V.
303 3821 330 3870 F.
351 3821 498 3886 primarium
514 3821 611 3871 mntem
626 3821 705 3884 dieii;
724 3820 752 3872 bi
767 3819 913 3886 philosophi
928 3823 1018 3878 amnt,
1037 3821 1084 3882 qni
1099 3821 1183 3873 fortan

101 3910 109 3924 ·
190 3901 221 3954 V.
240 3903 268 3952 Τ.
290 3903 368 3953 libros
396 3905 514 3968 adirent5
540 3905 578 3954 illi
598 3905 773 3970 philosophiae
789 3903 893 3966 quidem
908 3907 1036 3964 emunim,
1058 3903 1102 3956 ted
1119 3921 1185 3970 quoe

190 3993 275 4038 umen
291 3989 316 4039 8.
328 3990 356 4038 G.
367 3988 480 4040 edituros
496 4005 584 4054 partun
600 3989 733 4042 verisimile
750 3992 815 4040 erat.
842 3987 914 4041 lieud
930 3985 1181 4050 liburnorum,

189 4071 264 4124 nobie
279 4072 386 4124 subinde
403 4071 572 4138 suspicionem
589 4073 704 4124 obortam
723 4091 777 4126 oeae
797 4073 889 4124 librum
904 4088 959 4126 eone
975 4074 1097 4138 spurium.
1134 4077 1183 4128 Ar·

188 4162 308 4222 gementu
325 4161 407 4210 tamon
424 4160 538 4224 grauiora
552 4160 583 4212 ad
594 4161 643 4212 hoc
653 4161 809 4228 probandum
820 4161 962 4212 neccssaria
971 4159 1044 4212 nobi·
1055 4161 1183 4224 videntur.
