3010 5110
655 461 697 522 33

97 696 104 714 ι
224 657 274 726 Ad
292 655 487 748 probandum
504 656 588 723 Deos
608 655 813 722 Ethnicorum
832 656 908 724 falso
926 657 1008 724 Deos
1026 641 1159 740 liabcri,

177 778 362 869 primarium
386 777 445 866 ipsi
464 789 679 866 argumentum
704 787 767 857 est,
792 777 1022 866 quodpeta‘tur
1041 801 1083 844 ec
1104 802 1162 846 ra-

177 903 283 982 tione,
303 902 379 1002 'qaid
395 905 518 990 poetae
534 897 622 962 Deos
631 905 836 988 proportant.
883 897 1009 978 Potitus,
1029 921 1101 966 curn
1121 899 1162 966 ob

176 1019 417 1109 antiquitatem,
446 1031 514 1084 tum
543 1017 584 1083 ob
603 1019 739 1107 poetices
757 1017 885 1094 laudes,
911 1017 1037 1084 Ethnici
1058 1021 1164 1109 magni
1196 1099 1201 1102 ,
1308 1075 1314 1090 .

175 1139 342 1207 ducebant.
389 1137 520 1204 Etiamsi
543 1137 636 1227 paulo
655 1135 870 1227 prudentiores
888 1137 1077 1204 carminibus
1096 1139 1163 1232 istis

174 1259 298 1349 mythos
323 1259 474 1326 contineri
496 1271 655 1324 censerent
673 1279 771 1348 caque
789 1258 952 1348 allegorice
972 1258 1161 1348 interpreta-

174 1392 415 1461 rentur,tamen
423 1380 530 1468 vulgus
541 1401 592 1445 cos
603 1379 701 1446 fontes
713 1377 928 1446 considerabat
938 1379 1159 1469 religionisss).

218 1499 303 1568 Hinc
325 1499 467 1568 Justinus
494 1513 579 1566 recte
607 1499 688 1588 ipsos
711 1497 767 1564 hos
786 1507 891 1587 potitus
911 1499 942 1564 iu
961 1521 1050 1566 usum
1069 1521 1159 1566 suum

176 1618 325 1702 adhibct;
349 1633 436 1685 etex
456 1619 595 1699 ratione,
627 1619 687 1707 qui
706 1617 870 1708 Orpheus,
896 1619 1070 1698 Homerus,
1095 1620 1159 1686 He·

178 1737 303 1821 sindus,
326 1737 518 1828 Sophocles,
541 1736 730 1827 Euripides,
749 1738 803 1804 alii
823 1737 862 1804 de
881 1739 948 1806 Diis
966 1739 1157 1829 loquuntur,

176 1861 290 1952 probat
308 1859 365 1926 hos
383 1860 464 1926 Deos
484 1879 547 1926 csse
566 1880 627 1924 non
647 1879 761 1947 posse.=

223 1980 380 2048 Permulta
407 1978 493 2044 affert
525 1978 611 2057 loca,
646 1977 809 2066 exquibus
833 1999 884 2044 eos
901 1989 989 2044 natos
1008 2000 1072 2045 esse
1095 2002 1157 2068 pa-
1222 2009 1226 2019 ¹

176 2113 242 2180 tct,
270 2099 366 2189 idque
393 2098 490 2164 alium
522 2120 558 2163 cr
585 2097 647 2164 elic
684 2097 780 2187 (quod
812 2079 1041 2188 argumentum
1055 2099 1185 2164 omni-¹

175 2243 217 2288 no
240 2219 361 2310 egregie
386 2219 503 2284 lectum
533 2230 598 2284 crat
609 2265 619 2298 ,
647 2239 744 2307 quum
763 2241 831 2284 suos
849 2219 948 2297 Deos,
969 2219 1155 2307 qualescun-

176 2363 238 2431 que
249 2339 374 2408 tandem
382 2389 393 2420 ,
403 2343 449 2406 niel
463 2340 610 2420 rivolta,—
624 2338 790 2427 jactarent)
803 2339 850 2426 (2)
862 2363 870 2420 ;
885 2340 960 2406 itcm
970 2340 1156 2430 turpissimis

174 2461 315 2528 moribus
341 2458 480 2538 deditos,
511 2459 658 2547 injustos,
691 2458 835 2548 iniquos,
859 2459 1041 2539 menduces,
1064 2461 1153 2527 lubi·-

174 2581 317 2661 dinosos,
350 2571 509 2658 crudeles,
543 2580 625 2645 victu
648 2578 839 2668 indigentes,
864 2601 928 2646 sese
945 2579 1080 2646 invicem
1098 2579 1153 2646 dc-

174 2702 340 2781 bcllantes,
365 2700 442 2790 quin
460 2700 558 2766 omnis
569 2749 579 2780 ,
604 2697 688 2788 quod
709 2699 789 2765 inter
809 2699 950 2766 homines
968 2701 1073 2766 locum
1092 2699 1153 2766 ob-

174 2821 308 2903 tineret,
326 2821 402 2888 mali
417 2820 593 2887 incitatores
612 2833 643 2888 et
663 2834 818 2892 auctorest
840 2822 933 2888 talem
952 2845 1014 2888 uon
1032 2836 1155 2890 tantum

174 2965 240 3010 esse
273 2941 451 3009 semi-Deos
480 2955 511 3008 et
539 2940 670 3022 heroes,
710 2965 818 3008 serum
846 2965 1001 3010 summum
1031 2965 1155 3034 quoque

169 3063 305 3144 lovem,
330 3083 463 3152 quorum
480 3062 611 3152 pessima
629 3061 764 3128 facinora
779 3061 892 3152 gaudio
907 3063 1044 3152 quodam
1061 3085 1154 3132 accu-

170 3185 280 3253 mulat.
328 3183 373 3250 Er
393 3182 506 3272 quibus
526 3179 661 3272 denique
680 3195 765 3248 recte
782 3181 963 3264 concludit,
988 3181 1044 3248 hos
1063 3183 1154 3275 longe
1183 3211 1191 3226 ‘

173 3303 353 3372 homiuibus
377 3311 441 3370 e'sse
464 3303 624 3370 inferiores
649 3304 709 3390 (3).

218 3423 257 3493 In
283 3435 349 3492 toto
377 3423 437 3490 hoe
461 3435 642 3514 argumento
671 3420 780 3488 ardore
810 3419 947 3510 quodam
970 3421 1150 3512 corripitur.
1210 3401 1213 3406 ¹

202 3688 243 3754 (1)
261 3687 300 3738 cl.
329 3702 354 3736 ι.
373 3701 397 3734 n.
417 3699 465 3732 vas
483 3696 599 3740 unsrun,
627 3680 668 3730 De
685 3680 829 3745 ellsqoss'cc
845 3681 920 3744 apud
934 3677 1067 3744 Antiquos
1075 3677 1159 3744 fciat·

166 3775 256 3826 hrum
272 3771 516 3837 interpretatum
535 3769 597 3816 item
615 3785 637 3818 s.
657 3783 780 3817 nonense
798 3781 829 3816 nr
847 3781 944 3826 creor,
966 3765 1006 3814 De
1025 3764 1158 3812 Clemente

168 3859 353 3908 Alexandrino
373 3854 534 3918 Philosoplto
553 3853 723 3910 Christiano,
743 3867 801 3922 pag.
821 3851 864 3901 31.

203 3937 539 4010 (atterminaverat
561 3935 676 3998 Gentes,
708 3937 734 3985 t.
760 3937 796 3996 3,
824 3935 886 4000 Cap.
919 3935 954 3993 9,
981 3931 1083 3983 satirico
1109 3933 1160 3984 hoc

167 4031 302 4176 milli-CI.
326 4109 470 4164 Oratioad
491 4108 538 4160 Gr.
567 4103 632 4171 Cup.
652 4104 669 4154 2
687 4108 714 4155 st
733 4092 758 4155 3'.
799 4101 905 4152 dalnart.
926 4099 959 4159 2,
984 4099 1011 4150 3.
1040 4099 1073 4148 ds
1098 4097 1159 4150 Ma·

170 4195 265 4246 nurci.
285 4194 310 4245 5.

1004 4287 1024 4346 3
