2978 5106
365 651 443 720 nibil
470 575 600 740 gravius¹
612 658 744 736 putens,
769 665 862 734 quem
883 643 957 711 ulios
974 665 1079 710 omncs
1096 644 1136 710 ed
1155 642 1272 712 utristi
1290 669 1339 734 re·

366 773 512 864 ligionem
532 767 648 848 ducere
657 815 665 846 ,
687 765 948 855 opinionibusque
967 763 1061 832 modo
1076 764 1218 832 iudicetis
1233 766 1339 834 imbu-

367 907 438 972 tus,
459 887 550 956 heile
568 900 599 954 et
613 908 649 952 cx
663 885 785 984 tripode
801 886 888 975 quasi
898 885 1199 976 nffirmnrcpoterat,
1215 896 1339 977 po'e'tus,

366 1009 605 1082 ellaemonibus
624 1005 789 1095 deeeptus,
808 1005 889 1072 hunc
903 1007 979 1074 Jcsa
997 1027 1160 1097 personam
1179 1007 1212 1073 in
1229 1007 1339 1078 fabulis

367 1132 544 1212 dePerseo,
562 1127 704 1208 Boccho,
716 1127 862 1208 Hercule,
879 1128 1075 1218 Aesculapio,
1096 1129 1265 1210 Mercurio,
1280 1143 1338 1198 oet.

367 1275 509 1348 peruerse
523 1250 731 1343 proposuisse,
748 1225 788 1314 orl
799 1249 830 1314 id
843 1249 1080 1317 ulleemonibus
1089 1249 1253 1334 incitatos,
1270 1253 1339 1342 qni,

366 1377 443 1444 Jesu
460 1373 592 1440 udrentu
609 1369 787 1462 praedicto,
812 1371 903 1453 λόγον
924 1384 1114 1453 metuentes,
1134 1382 1241 1462 poetas
1260 1371 1341 1440 inci·

368 1495 516 1575 laverint,
545 1505 580 1560 at
609 1493 753 1560 vaticinia
782 1490 821 1557 de
848 1492 928 1576 λόγῳ
946 1490 987 1580 ad
1008 1492 1095 1559 fictos
1116 1494 1176 1560 uei
1194 1493 1275 1560 filios
1293 1515 1341 1561 ac·

368 1613 589 1694 comederent,
619 1627 671 1695 ut,
702 1619 782 1704 quta
808 1605 914 1703 posteo
944 1615 1090 1703 temporis
1116 1611 1284 1682 Christiani
1305 1614 1342 1682 sle

369 1736 444 1804 Jcsn
461 1735 633 1816 referrent,
653 1757 709 1826 pro
728 1733 840 1802 fabulis
860 1733 1059 1802 haberentur.

413 1855 555 1924 Justiuus
572 1854 626 1921 hic
644 1855 756 1920 misere
776 1868 807 1920 ct
824 1853 955 1920 ridicule
975 1868 1126 1946 nugatur,
1145 1875 1207 1924 non
1227 1870 1343 1926 tautum

368 1949 425 2044 ubi
453 1985 615 2068 po'e'trrum
642 1975 761 2045 sabulos
789 1973 829 2040 ad
856 1974 932 2042 Jcsu
960 1972 1120 2043 historiam
1140 1990 1342 2070 attemperat,

367 2117 476 2164 rerum
496 2098 646 2178 inarime,
665 2095 721 2162 ubi
744 2087 943 2163 offensionem
962 2097 1062 2164 crucis
1082 2099 1203 2166 auferre
1223 2113 1341 2183 tentrt3

369 2219 542 2288 Daemones
562 2216 622 2284 hoc
639 2216 916 2283 luculentissimum
934 2216 1010 2284 lesu
1029 2218 1155 2309 imperii
1172 2218 1342 2302 indicium,

370 2340 402 2405 in
432 2339 576 2407 omnibus
593 2339 686 2406 rebus
704 2337 867 2418 humanis,
892 2352 1015 2420 metro,
1034 2341 1123 2460 relp,
1144 2353 1176 2407 et
1194 2339 1345 2411 similibus

372 2459 541 2550 symbolice
559 2459 806 2551 praesignatum,
826 2479 889 2526 non
909 2451 1091 2528 intellexisse
1109 2483 1167 2528 neo
1185 2475 1346 2554 propterca

372 2590 478 2674 poete
497 2583 545 2648 rel
563 2579 755 2672 philisophos
774 2581 851 2647 illud
872 2581 1007 2649 imitatos
1028 2605 1102 2652 esse.
1161 2584 1256 2652 Haud
1277 2607 1347 2653 me·

372 2704 432 2770 lius
450 2703 490 2768 de
518 2723 555 2768 eo
578 2699 803 2791 judicandum,
831 2700 888 2770 ubi
905 2702 1064 2770 Platonem
1081 2703 1236 2795 Spiritum
1254 2705 1348 2775 Sene·

372 2837 440 2891 tum
460 2823 508 2910 (l)
529 2823 648 2889 nouisse
667 2836 698 2889 et
717 2821 920 2913 praedixisse,
945 2823 1142 2917 eundemque
1152 2849 1231 2893 cum
1246 2827 1349 2896 multis

374 2943 442 3010 aliis
462 2943 576 3034 placita
600 2941 638 3008 de
665 2941 834 3024 Trinitate,
860 2946 1098 3027 resurrectione,
1127 2948 1218 3014 rebus
1244 2942 1348 3016 Chris·

374 3066 530 3134 timorum
548 3063 689 3144 Ethicis,
714 3078 745 3131 et
765 3064 808 3130 sio
828 3087 940 3155 porro,
962 3065 1101 3134 docuisse
1120 3067 1263 3138 affirmet.

418 3187 559 3254 lustinus
577 3187 696 3278 singule
714 3185 793 3253 hnec
810 3207 921 3276 magno
938 3187 1066 3276 quidem
1080 3188 1245 3256 verborum
1263 3187 1349 3258 hiatu

374 3309 526 3390 clamore,
543 3331 607 3374 non
624 3328 715 3388 vero,
736 3329 773 3373 ao
793 3307 818 3374 si
838 3308 922 3374 omni
940 3307 1037 3376 dubio
1055 3309 1211 3400 superiore
1228 3323 1346 3392 essent,

373 3427 583 3495 demonstrare
601 3429 687 3497 solet.

421 3549 572 3617 Miramur
605 3548 730 3614 omnino
764 3547 881 3614 Justini
918 3547 1097 3638 ingenium3
1142 3563 1248 3618 utrum
1281 3573 1351 3619 vcro
1382 3606 1387 3618 .

377 3669 520 3739 Etbnicis
537 3668 587 3735 his
605 3669 810 3759 persuaserit,
829 3668 917 3735 valde
936 3669 1124 3741 dubitamu's.

421 3789 515 3858 Hand
533 3802 638 3856 tamen
657 3789 764 3854 mburi
783 3789 910 3871 subest,
932 3790 1091 3858 lustinum
1109 3791 1148 3858 ad
1165 3805 1229 3860 tum
1245 3792 1350 3861 absur-

377 3910 431 3978 das
458 3923 489 3977 et
517 3910 644 3977 insulsus
670 3909 833 3977 sententies
855 3910 983 3982 uenisse.
1032 3911 1149 3997 Quidni
1167 3914 1272 3996 enim,
1297 3935 1351 4006 pro
1414 3971 1416 3978 .

410 4161 452 4228 (ll
467 4161 530 4212 vtde
547 4160 590 4210 hio
608 4173 711 4209 utuntur
729 4159 747 4209 l.
767 4175 790 4208 c.
810 4173 867 4223 pne.
886 4158 919 4208 et
938 4175 994 4222 aqu.
