2978 5106
840 423 881 486 dd

376 627 625 719 repensentur,
649 619 729 686 roeo
747 641 801 686 eos
818 643 842 686 n
863 619 959 686 Mose
976 628 1007 686 ct
1025 619 1207 711 Prophetis
1220 630 1352 690 matroo-

377 753 538 823 teresse,
563 740 753 808 demonstrat
777 740 838 831 (1).
869 781 872 790 ·

420 864 493 931 Jam
530 874 621 928 anteo
646 861 761 928 ludaei
789 859 1011 942 Alexandrini,
1043 859 1134 928 Pbilo
1160 864 1296 930 maxime
1322 877 1352 930 et

375 983 605 1063 Aristobulus„
626 1003 666 1048 ne
696 984 885 1051 Graecorum
912 981 1107 1073 pbilosophis
1130 983 1192 1050 suis
1211 996 1288 1050 esset
1308 983 1353 1050 oi·

375 1104 507 1170 fensioni
519 1152 529 1184 ,
573 1103 706 1170 Graecos
742 1101 965 1192 Philosophus,
1007 1101 1176 1169 Platonem·
1198 1102 1353 1182 maxime,

374 1224 495 1294 Mosam
511 1223 599 1290 illum
615 1224 855 1302 Ἀττικίζοντα,
869 1245 905 1290 ex
915 1223 1138 1314 Aegyptiorum
1154 1223 1355 1292 etllebrneo·

375 1367 446 1412 rum
470 1343 591 1434 seriptis
609 1341 752 1424 edoctos,
775 1342 873 1410 multa
891 1332 1016 1410 inde'in
1034 1365 1088 1410 sua
1106 1343 1220 1434 scripta
1240 1355 1356 1410 coutu-

374 1464 445 1531 lisse
480 1464 562 1531 bona
598 1461 829 1532 contenderunt.
893 1463 961 1531 lloc
1000 1461 1091 1530 facile
1125 1463 1356 1554 accipiebatur,

377 1607 474 1676 quum
500 1583 657 1650 veteribus
681 1583 903 1674 Aegyptiorum
929 1596 961 1651 et
980 1581 1186 1650 Chaldeorum
1205 1584 1356 1674 sapientia

375 1707 510 1772 maxime
529 1703 569 1770 de
587 1705 680 1770 rebus
693 1705 874 1794 religionem
884 1703 1093 1794 spectantibus
1103 1703 1191 1770 uelde
1201 1705 1355 1772 celebrata
1408 1689 1411 1696 ¹

376 1839 474 1908 esset3
509 1825 584 1892 hinc
611 1825 728 1892 Graeco
756 1823 951 1915 philosophis
978 1815 1131 1892 iudaicae
1158 1824 1223 1891 iilis
1251 1824 1354 1892 babe-

375 1947 469 2013 batur
500 1946 560 2035 (2).
588 1983 634 1997 -
660 1945 822 2024 lustinus,
864 1944 1023 2010 hominem
1060 1945 1105 2012 nil
1132 1943 1198 2011 fere
1227 1945 1355 2036 proprio

376 2079 477 2133 marte
505 2079 589 2132 recte
617 2064 656 2131 de
684 2061 777 2132 rebu's
804 2063 917 2130 divinis
941 2085 1123 2153 cognoscere
1148 2087 1236 2156 posse
1254 2064 1353 2154 probe

378 2189 497 2267 sciens,
521 2184 634 2265 facile,
662 2197 697 2252 nt
725 2206 830 2252 omnes
849 2183 914 2252 fere
933 2183 1024 2273 hujus
1050 2185 1117 2252 aeri
1143 2183 1354 2276 Apologetae,

377 2305 460 2374 bane
487 2304 669 2372 sententiam
693 2303 957 2404 amplectebatur,
990 2327 1051 2395 quo
1075 2275 1355 2394 facilius'pbiloso·

378 2427 513 2520 phorum
533 2425 746 2492 auctoritatem
763 2424 961 2515 infringeret,
982 2437 1013 2491 et
1025 2421 1214 2492 Christianos
1231 2447 1356 2492 sunnon

377 2570 396 2614 e
417 2546 554 2638 prolenis
572 2545 707 2612 hausisse
725 2525 890 2613 evinceret.
937 2541 1040 2614 Semel
1059 2541 1119 2610 hac
1136 2558 1262 2635 recepta
1284 2546 1356 2635 opi-

377 2667 493 2747 nione,
514 2641 592 2732 alise
608 2662 740 2731 subinde
756 2663 992 2730 suboriebantur
1007 2661 1223 2746 difficultates;
1246 2663 1356 2753 quidni

379 2775 670 2875 enim'philosopbi
697 2805 807 2874 puram
836 2783 991 2873 religionis
1011 2781 1182 2850 doctrinam
1200 2781 1357 2852 exhibuis-

378 2905 472 2971 sent?
507 2902 589 2989 Quid
605 2925 733 2983 causae,
755 2901 838 2992 quod
855 2915 918 2968 tam
937 2902 1033 2970 msdte
1053 2901 1206 2983 absurda,
1230 2903 1308 2970 falsa
1328 2917 1358 2972 et

343 3097 348 3106 ,
378 2997 468 3090 ieme
486 3023 628 3114 religioni
646 3024 738 3113 plane
756 3022 908 3088 eontrsria
927 3024 1083 3090 incorum
1102 3023 1223 3114 seriptis
1243 3022 1356 3114 depre-

347 3131 361 3154 '
380 3143 581 3212 bendantur?
616 3143 702 3211 llsec
720 3156 751 3210 et
767 3143 878 3210 similis
894 3155 929 3212 ut
947 3144 1117 3224 solverent,
1135 3157 1256 3235 praesto
1271 3159 1356 3227 erat,

291 3306 293 3310 .
378 3282 503 3356 praeter
528 3264 700 3332 doctrinam
724 3263 763 3330 de
781 3264 861 3350 λόγῳ
878 3251 1067 3352 σπερμάτικῷ
1086 3265 1158 3354 (3),
1183 3265 1358 3334 Daemone-

377 3385 471 3476 logis.
519 3383 684 3466 Homines,
709 3384 748 3450 de
768 3383 934 3452 certamine
953 3384 1055 3450 lucem
1074 3385 1153 3452 inter
1167 3399 1199 3452 et
1214 3386 1357 3454 tenebras

380 3527 503 3597 semper
531 3507 736 3587 somniantes,
767 3505 859 3574 focile
887 3505 948 3574 sibi
976 3503 1222 3596 persuadebant,
1251 3515 1357 3599 poitas

389 3687 747 3704 ffl-

407 3787 448 3856 (1)
469 3787 575 3840 Galeri.
595 3785 680 3838 20-24
696 3801 754 3854 sqq.

407 3868 448 3938 (2)
466 3873 505 3922 Cf.
525 3887 667 3932 russeum,
689 3871 918 3936 nooman-orsos.
938 3873 984 3926 Tb.
996 3873 1018 3924 1.
1035 3890 1062 3941 p.
1074 3875 1123 3926 loo
1134 3890 1173 3940 sq.
1194 3876 1358 3934 Turenum,

391 3971 404 4006 a
425 3989 432 4006 .
452 3954 512 4004 tto.

373 3971 442 4106 pilii)
460 4009 530 4092 Hisne
554 4041 605 4091 alio
630 4041 736 4092 consilio
762 4059 776 4094 a
795 4043 897 4094 lustino
919 4041 1032 4096 adbiberi
1048 4057 1127 4126 supro
1145 4041 1357 4107 significavimus,

372 4139 429 4190 pag.
449 4125 483 4194 li)
501 4129 528 4176 et
547 4124 588 4176 ll.
