2978 5106
606 424 646 486 91

140 599 337 719 opinionibus
362 593 541 712 conceptu,
571 620 661 686 actu
681 621 795 710 praua
811 619 853 686 as
874 621 1047 702 ruinius,
1075 628 1118 708 aa
1197 663 1199 668 -

141 750 240 832 tayo,
255 759 288 812 et
299 743 520 812 resurrectione
531 742 668 808 invenire
678 741 740 807 sibi
750 741 830 807 visus
841 755 919 808 esset
928 746 982 830 tna
993 735 1118 822 dicam,

140 866 244 934 studio
282 861 474 954 quaereret),
515 881 610 951 quum
640 860 838 951 philosophos
873 860 913 926 de
927 855 1007 927 -lieo
1034 881 1118 942 uao,

137 987 281 1077 judicio,
303 987 423 1053 ¹iatoet
441 984 601 1064 moribus,
631 981 843 1049 cumfsshristi
870 981 1012 1050 doctrina
1039 1001 1119 1050 oon·

141 1107 297 1174 venientia
317 1106 455 1174 docuisse
474 1103 745 1194 deprehenderet?

190 1233 232 1312 At
240 1251 330 1310 roro,
346 1228 418 1296 ride
436 1226 591 1317 quomodo
609 1227 798 1317 hpdogeta,
818 1223 995 1315 disputandi
1010 1224 1121 1292 ardore

144 1351 288 1441 abreptus
297 1400 307 1431 ‚
327 1350 386 1416 heo
396 1350 449 1415 sud
459 1347 500 1413 dc
516 1349 597 1432 λόγῳ
611 1353 800 1431 σπϊρματικῷ
815 1333 983 1426 sententid,
1003 1345 1126 1423 litimi*¹

140 1489 251 1540 cortina
280 1469 452 1538 doctrinam
477 1467 653 1558 deprimat,
679 1463 885 1534 Christianam
909 1458 1120 1548 resociaret,

141 1589 333 1658 contendens
353 1589 476 1668 omnia,
502 1606 581 1677 quae
597 1599 668 1652 ante
687 1609 705 1650 a
724 1585 919 1676 Philosophis
938 1585 1019 1660 bona
1038 1585 1122 1652 dictu

144 1723 264 1791 essent,
280 1710 320 1776 ad
332 1709 519 1777 Christianos
528 1707 705 1797 pertinere,
721 1725 854 1795 eosque,
874 1701 929 1796 qui
941 1755 951 1787 ,
961 1719 996 1774 ut
1006 1705 1122 1774 Socra·

142 1845 209 1910 tes,
229 1836 305 1914 μετὰ
323 1831 414 1911 λόγου
431 1829 590 1909 vixissent,
613 1825 800 1894 Christianos
818 1827 911 1894 fuisse
926 1839 958 1895 et
976 1841 1123 1923 tanquam

144 1952 220 2018 tales
246 1963 315 2040 post
342 1951 404 2017 iata
431 1947 639 2032 considerari3
661 1949 721 2046 flui
738 1965 811 2014 rero
825 1955 905 2016 ἄνευ
919 1949 1012 2029 myos
1028 1949 1123 2016 viris—

144 2085 235 2153 sent,
265 2078 430 2158 ἀχρήστους
458 2093 533 2140 esse.
576 2071 643 2137 Hac
674 2068 825 2135 sententit
852 2081 884 2135 et
902 2087 955 2136 eos
974 2067 1124 2137 Ethni'oos

143 2192 281 2258 refutare
306 2203 450 2281 poterat,
483 2193 538 2282 qui
560 2189 761 2269 Christianis,
785 2189 947 2256 hominum
968 2211 1016 2257 res
1034 2190 1126 2259 unice

145 2333 203 2402 per
228 2311 339 2378 tasum
366 2309 524 2378 Christum
541 2311 662 2378 restitui
681 2297 769 2402 posse
787 2309 1030 2390 affirmantibus,
1054 2330 1125 2378 sae-
1229 2347 1240 2358 ι

144 2433 217 2522 pius
242 2433 378 2522 objicere
403 2431 534 2498 solerent
553 2431 624 2520 (1),
647 2431 764 2495 nullam
783 2443 898 2496 exstare
917 2412 1061 2510 oausam,
1084 2429 1128 2497 ob

147 2571 242 2642 quarn
258 2553 339 2618 diens
352 2551 438 2620 haud
457 2554 542 2642 prius
561 2552 652 2633 aaron
669 2551 800 2618 misisset
819 2552 880 2640 (2).

193 2673 333 2740 tustinus
345 2723 354 2754 ,
381 2671 496 2740 Christi
524 2672 662 2740 doctrina
686 2672 726 2737 ab
750 2669 802 2738 iile
821 2659 1024 2739 Ethnicorimt
1043 2669 1128 2740 haud

146 2795 247 2862 aiicnd
269 2796 418 2884 probati,
448 2795 560 2875 simul,
588 2817 650 2883 quo
676 2793 774 2883 magis
797 2791 949 2860 Ethnicos
975 2791 1127 2874 irrideat,

146 2915 279 2982 candem
305 2916 449 2982 omnibus
477 2913 545 2982 aliis
569 2915 666 2984 multo
684 2915 938 3004 praestantiorem
956 2927 987 2982 et
1005 2915 1127 3005 periec-
1233 2967 1240 2979 .

146 3036 260 3104 tionem
286 3034 496 3116 demonstrat,
530 3057 616 3102 suam
646 3036 828 3104 sententiam
856 3035 963 3102 eidem
989 3035 1030 3100 de
1047 3035 1129 3123 λόγῳ

146 3156 289 3224 doctrinis
315 3169 535 3246 superstruens.
582 3156 650 3222 liae
667 3153 747 3220 duee
775 3155 953 3234 contendit,
980 3153 1129 3222 iithnicos

149 3279 268 3363 σπέρμα
287 3289 319 3343 et
336 3279 456 3362 μίμημα
472 3283 525 3343 τοῦ
544 3276 636 3358 λόγον
654 3275 823 3356 habentes,
847 3277 981 3342 tenuiter
1006 3288 1129 3344 tantum

145 3417 273 3466 cernere
292 3399 448 3488 potuisse,
469 3395 565 3486 idque
582 3418 619 3461 eo
636 3397 753 3486 magis,
774 3409 870 3486 quum
889 3398 1083 3465 Daemonurn
1098 3398 1129 3464 ri

150 3531 346 3600 tenerentur;
366 3515 553 3584 Christianos
564 3497 688 3599 contra,
708 3525 822 3594 πάντας
838 3515 930 3600 λόγου
943 3520 1129 3611 participes,

148 3638 320 3706 doctrinam
341 3637 481 3728 profiteri
496 3637 666 3728 integram,
682 3636 853 3727 perfectam
862 3651 893 3705 et
905 3639 1128 3730 incorruptam.

147 3816 151 3824 ¹
179 3801 219 3865 (l)
236 3803 276 3852 Cf.
296 3818 459 3862 anscarium,
478 3819 536 3868 pag.
554 3802 681 3854 aro-228.

180 3884 220 3948 (2)
237 3885 354 3936 Ceterum
377 3902 491 3937 rursiam
514 3887 540 3935 in
563 3885 671 3938 Coton.
690 3888 801 3938 omnium
814 3887 1011 3952 Apologetarum
1030 3889 1137 3940 maxime

144 3973 237 4032 urget,
267 3969 293 4016 in
314 3970 394 4019 Libris
416 3971 544 4034 Sibyllinis
570 3973 653 4020 omnia
673 3971 704 4021 de
728 3973 790 4020 Jesu
809 3972 908 4020 Christo
928 3972 1058 4037 praedicta
1072 3990 1137 4024 eoae.

144 4053 218 4117 Quod
238 4060 429 4115 argumentum,
448 4071 506 4104 cum
524 4057 624 4106 serioris
640 4058 695 4107 aevi
710 4057 756 4106 hos
772 4057 850 4107 libros
864 4073 918 4107 etse
934 4063 1052 4120 constet,
1073 4059 1138 4110 nihii

148 4153 207 4187 rane
224 4137 322 4202 Probat.
360 4139 398 4188 Gi.
420 4155 443 4187 r.
461 4155 570 4200 arnono,
591 4141 608 4190 i.
630 4157 653 4191 c.
673 4159 729 4208 pag.
754 4143 811 4194 188.
831 4141 918 4206 ibique
938 4142 983 4195 cit.
