3010 5110
461 1002 644 1090 ussus
674 981 909 1088 nulnum

228 1281 270 1328 nn
294 1279 426 1330 sussum
449 1277 626 1340 noussen,
650 1279 725 1362 usus
748 1276 891 1354 sumnus
914 1275 954 1326 ns
981 1275 1147 1338 consum,

453 1417 515 1478 ouo
538 1413 805 1470 sinuessanus
830 1413 926 1464 suus:

649 1996 724 2079 §¹-

407 2236 413 2247 ¹
479 2185 533 2294 'Be
555 2209 690 2296 Justs'uo
711 2223 882 2312 Martyre.

243 2472 373 2572 Seoulo
388 2501 521 2572 seeundo
540 2503 605 2568 fere
621 2502 726 2572 medio
744 2500 828 2567 hand
843 2502 954 2592 pansi,
974 2523 1046 2567 uun
1060 2467 1175 2569 ludaei

188 2641 260 2693 tum
288 2625 427 2694 Gentiles
456 2625 611 2705 maxime,
646 2623 854 2692 Christianam
879 2623 1063 2714 religionem
1091 2637 1175 2690 extra

118 2739 122 2748 ’
188 2747 394 2814 Palaestinam
422 2747 455 2812 in
478 2745 676 2812 nobilissimis
699 2743 812 2826 lisiae,
837 2743 962 2811 Africae
981 2757 1013 2810 et
1030 2745 1173 2835 Europae

189 2869 321 2936 urbibus
338 2851 472 2959 amplexi
490 2880 588 2936 erant.
619 2865 1067 2956 Nontautum'plebsjiserum
1078 2866 1173 2932 etiam

190 2989 375 3068 nobiliores,
387 2988 468 3055 inter
476 2987 608 3055 Graecos
617 2985 771 3077 imprimis
781 2985 978 3077 philosophi,
989 3009 1054 3052 rem
1068 2983 1173 3054 Chris·

190 3110 306 3176 tianam
321 3132 393 3176 eum
409 3106 662 3175 eontraJudaeos
681 3120 749 3174 tum
764 3119 870 3173 eontra
880 3105 1171 3175 Ethnieosmaxime

186 3231 372 3312 tuebantur,
393 3215 613 3309 vindieubant,
635 3227 843 3317 laudibusque
867 3219 1064 3298 extollebant.
1103 3229 1172 3298 llos
1231 3225 1240 3252 “

95 3371 100 3382 ·
185 3363 345 3442 tempore,
364 3363 435 3442 post
445 3347 636 3435 Quadratum
651 3361 682 3415 et
692 3347 879 3430 Aristidem,
900 3348 933 3413 in
952 3372 1075 3416 saeuam
1092 3372 1171 3441 pro-

185 3470 247 3538 diit
268 3471 408 3538 Justiuus
427 3471 570 3559 Martyt,
593 3469 783 3562 Apologetae
800 3491 930 3538 munere
949 3472 1078 3562 fungens
1098 3495 1170 3552 cum

184 3591 327 3658 adversus
352 3589 501 3658 Ethnioos
528 3603 596 3657 tum
623 3590 765 3658 adversus
790 3589 950 3674 ludaeos,
974 3592 1014 3658 de
1033 3617 1095 3682 quo
1111 3613 1169 3682 pro

184 3711 320 3782 instituti
338 3711 459 3780 ratione
480 3711 639 3804 sequentia
658 3713 887 3803 praemonuisse
906 3713 1081 3793 suffecerit,
1106 3699 1169 3802 quei

184 3832 323 3915 insilias,
341 3833 403 3900 viri
420 3833 505 3915 vita,
521 3834 714 3901 institutione
733 3847 764 3901 et
781 3834 885 3902 indole
903 3834 1056 3925 eognitis,
1074 3832 1171 3924 ipsius

185 3949 454 4024 christianismum
483 3954 670 4023 defendendi
697 3970 728 4024 et
745 3954 996 4026 sommendandi
1014 3956 1093 4023 ratio
1119 3957 1167 4024 in-

182 4073 347 4166 telligatur.

986 4203 1002 4265 1
1018 4201 1032 4234 4
