3010 5110
407 503 415 520 „
529 458 654 520 ’49

143 655 182 722 tis
209 655 314 734 vitiis,
339 652 434 720 modo
460 653 496 717 io
513 651 680 718 Po'e'tarum
700 663 732 717 et
750 648 1005 742 Philosophorum
1025 657 1122 748 serip-

140 776 178 842 tis
197 774 385 866 perstrictis,
405 777 473 866 jam
491 773 659 840 contrarias
675 769 782 838 laudes
801 771 898 839 inesse
917 773 1048 844 evineat.

143 905 145 913 '
187 892 273 962 Sasu
306 894 380 983 (hoe
407 893 545 984 primurn
572 892 632 982 ipsi
659 904 704 958 est
730 891 959 981 argumentum)
981 899 1121 962 manium

141 1017 373 1104 antiquiorum
1115 1069 1118 1076 .

185 1135 255 1202 lloo
270 1137 310 1202 ab
327 1135 512 1225 antiquitate
528 1133 627 1224 petito
644 1146 828 1224 augumento
848 1133 963 1224 duplex
982 1135 1123 1204 obtinere

137 1253 596 1335 soluisserideturoonailiuma
625 1257 673 1323 1⁰.
690 1265 724 1320 ut
739 1277 758 1318 a
776 1251 926 1346 religione
943 1252 1123 1322 Christiana

136 1375 282 1442 nouitatis
301 1376 420 1441 orimen
439 1385 612 1456 amoveret,
628 1387 722 1464 atque
736 1373 800 1456 sio,
820 1395 914 1464 quern
922 1373 1051 1441 lithnioi
1062 1376 1124 1444 suia

63 1487 64 1495 '
139 1493 288 1580 institutis
296 1495 435 1561 tribuere
444 1495 600 1576 solebant,
619 1493 814 1583 antiquitatis
822 1478 972 1562 honorem
983 1493 1122 1564 destrue·
1159 1521 1162 1528 ·

138 1627 187 1680 ret
198 1613 259 1702 (1).
292 1613 363 1681 lion
382 1627 502 1680 tanturn
521 1613 667 1704 gentiles,
682 1635 792 1680 serum
809 1611 979 1682 Christiani
997 1637 1123 1706 quoque

139 1733 334 1823 antiquitatis
343 1755 487 1824 magnam
502 1732 660 1800 habebant
676 1736 881 1804 reverentiam
890 1783 900 1815 ,
919 1734 1024 1818 unde,
1043 1732 1122 1825 q'uo·

137 1853 241 1920 minus
251 1854 380 1944 gentiles
390 1875 475 1922 saera
485 1875 539 1920 sua
548 1853 741 1935 desererent,
754 1852 948 1922 Christianae
963 1856 1122 1952 roligionis
1243 1877 1245 1882 '
1316 1888 1318 1892 ·
1440 1929 1443 1936 ,

137 1975 258 2042 nouitas
282 1976 417 2042 maxime
444 1974 596 2043 obstabat.
652 1973 747 2042 llaud
774 1989 891 2042 temere
920 1974 997 2042 adeo
1013 1977 1122 2046 ¹lusti·

138 2117 197 2160 nus
217 2096 303 2162 omni
321 2093 424 2164 studio
442 2091 477 2160 id
494 2095 577 2184 agit,
588 2107 623 2162 ut
632 2096 822 2162 eontrarium
842 2097 966 2187 probet.
1003 2096 1121 2162 Versum

139 2226 171 2280 et
197 2212 307 2280 eodem
327 2213 431 2282 hoooe
459 2227 640 2306 argumento
666 2219 711 2283 2⁰.
736 2238 809 2297 ms,
833 2216 889 2305 qui
910 2214 1120 2297 Christianos,
1195 2297 1198 2304 Ι

139 2355 222 2424 quae
249 2335 331 2402 bona
358 2334 532 2418 haberant,
561 2358 578 2402 e
606 2336 808 2427 aoriptoribus
837 2336 962 2407 Graecis
985 2336 1122 2406 hausisse

138 2453 331 2522 affirmarent
339 2503 348 2535 ,
359 2477 421 2522 nou
430 2456 566 2522 refutare
574 2468 694 2524 tantum
710 2468 850 2545 poterat,
861 2479 970 2524 rerum
976 2471 1011 2524 et
1021 2457 1123 2547 ipsum

138 2575 261 2642 orimen
289 2575 322 2640 in
352 2574 538 2642 adversarios
564 2588 756 2665 retorquere.
805 2575 857 2642 ld
884 2576 996 2644 borum
1024 2578 1124 2668 serip-

137 2707 266 2774 mum,
284 2693 378 2762 llosis
392 2696 528 2760 maxime
537 2743 547 2777 ,
566 2695 785 2785 antiquitatem
800 2695 1017 2786 probandam,
1036 2711 1123 2764 reete

135 2828 286 2910 proqooat
310 2815 354 2882 ad
381 2817 449 2884 illos
470 2817 666 2884 ›Graoeosum
693 2814 854 2882 historicos
874 2817 945 2904 (2),
974 2817 1030 2906 qui
1048 2817 1122 2884 llo-
1156 2796 1158 2804 Ι

135 2957 217 3004 seur.
232 2939 299 3026 jam
325 2937 435 3006 lnaobi
461 2949 491 3004 et
521 2935 801 3028 Ogygis‘tempore
829 2936 955 3018 uixisse,
987 2959 1123 3028 eumque

139 3056 288 3124 omnibus
314 3057 522 3147 antiquiorem
549 3079 613 3124 esse
631 3056 854 3146 legislatoribus
881 3056 997 3145 scripto
1017 3058 1123 3124 oonsi-

137 3190 287 3267 gnarunt.
333 3178 437 3246 illinus
455 3179 534 3244 bena
560 3177 614 3244 bio
638 3177 775 3268 priorem
793 3175 924 3242 Diodori
941 3175 1048 3242 looum
1070 3177 1122 3244 oi·

136 3309 185 3364 tat
196 3297 259 3387 (3);
285 3296 525 3388 prudentissime
538 3320 610 3366 sero
625 3308 771 3388 prorooat
782 3293 821 3360 ad
830 3294 994 3363 Philonem
1006 3341 1016 3376 ,
1027 3318 1121 3385 quem

164 3485 208 3557 (1)
227 3491 285 3558 lpse
314 3507 461 3543 maurannus
486 3491 518 3544 ad
534 3491 693 3557 Autolgouaa
707 3505 764 3556 pag.
785 3483 835 3538 117
858 3487 911 3549 ait,
941 3503 968 3537 ae
992 3489 1128 3553 propterea

127 3589 255 3627 summam
281 3577 355 3626 lloais
374 3580 409 3626 at
432 3565 617 3642 isopleurum
644 3574 823 3636 antiquitatem
845 3569 1019 3622 demonstrare
1045 3570 1126 3628 selle,

127 3661 193 3725 quia
222 3660 392 3711 eredebantur
419 3663 515 3728 seripta
540 3661 739 3712 Christianorum
768 3674 822 3708 ease
849 3654 1040 3726 πρόσφατα
1068 3654 1131 3702 καὶ

126 3746 342 3812 νεωτερικά.
371 3745 445 3796 (loni.
464 3749 578 3795 osterum
596 3743 627 3793 de
644 3743 694 3792 hoo
711 3744 859 3804 argumento
872 3735 1127 3800 araomrrnpag.99

127 3845 189 3894 aqq.
213 3834 240 3880 at
257 3829 386 3895 pag..320
404 3845 462 3894 sqq.

163 3914 208 3980 (2)
230 3915 336 3963 Cohost.
355 3915 371 3964 u
390 3930 447 3978 sqq.
472 3914 530 3966 loos
543 3916 622 3966 'alleri
636 3930 668 3966 ex
684 3913 802 3980 seriptis,
822 3927 888 3976 quae
900 3908 980 3958 lrorlie
1000 3905 1129 3958 maximam

128 3999 234 4062 partam
246 3996 384 4063 'deperdita
399 4001 461 4048 aunt
470 4029 478 4056 ,
497 3991 567 4050 oum:
589 4003 616 4050 at
631 3997 709 4064 Apol.
726 3998 752 4052 1.
769 3996 813 4050 57.
1027 4013 1029 4023 ·

157 4079 211 4147 (Β)
228 4081 277 4132 ubi
300 4082 414 4149 Μνεύην
436 4099 481 4151 pro
499 4081 596 4152 Μηνᾷν
613 4084 730 4150 ἰπομίις
756 4083 826 4134 oool.
846 4091 999 4134 raunsarrus
1014 4091 1127 4126 ararum

127 4167 166 4217 ad
183 4166 297 4219 Colort.
317 4167 376 4234 Gap.
397 4164 439 4214 14.

844 4212 1047 4326 .·4'
