3010 5110
193 335 197 365 t

659 393 699 454 13

190 597 222 664 id
259 616 350 664 omne
388 615 425 659 er
462 589 687 680 Prophetarum
707 585 861 678 scriptis,
904 590 1004 680 iisque
1036 591 1168 675 divinis,
1281 607 1284 616 '

186 717 331 810 petivisse
364 713 424 803 (1).
481 710 563 778 Hinc
599 708 679 776 liber
716 707 861 820 induas
898 725 1001 800 partes
1039 713 1170 804 dispesci

185 847 187 856 '
212 837 296 906 ossit.
737 903 744 914 ,

188 863 210 928 P
235 956 382 1048 Sequitur
399 953 543 1035 libellus,
568 955 619 1019 eui
639 953 745 1020 titulus
762 959 829 1040 περὶ
850 959 1034 1042 Μοναρχίας
1044 983 1056 1036 ,·
1078 980 1172 1046 quem

191 1077 276 1144 haud
295 1077 348 1142 din
368 1089 438 1142 autc
461 1075 510 1141 vel
529 1088 599 1164 post
623 1073 715 1156 λόγον
738 1081 972 1162 capuanensis,
1004 1077 1044 1142 ob
1069 1079 1171 1172 ipsum

188 1210 425 1289 argumentum,
455 1195 608 1284 scriptum
631 1215 694 1260 esse
717 1193 861 1284 conjicio.
909 1197 976 1264 Hac
1000 1185 1171 1288 scriptiun-

190 1319 259 1385 culs
275 1318 427 1384 Justinus·
442 1315 532 1380 unius
553 1314 613 1382 Dei
634 1315 753 1380 cultum
772 1316 910 1382 stabilire
927 1317 1035 1387 voluit.
1078 1319 1172 1386 Hunc

190 1440 231 1506 ab
257 1437 349 1504 initio
376 1436 490 1515 fuisse,
518 1432 632 1500 deinde
659 1456 732 1500 vero
754 1436 949 1502 Daemonum
975 1437 1173 1529 instigatione
1226 1480 1228 1486 ¹

195 1573 226 1626 ct
257 1556 420 1624 hominum
446 1556 597 1645 pravitate
622 1554 847 1638 idololatriam,
878 1559 977 1630 omnis
1002 1559 1077 1624 mali
1104 1560 1174 1626 ion·

196 1695 280 1760 tem,
304 1701 362 1744 usu
386 1675 563 1758 invaluisse,
582 1698 618 1740 er
633 1676 707 1765 ipsis
728 1677 928 1767 scriptoribus
948 1679 1096 1768 Graecis,
1121 1683 1176 1771 qui

194 1822 258 1867 sess
286 1797 361 1864 huic
389 1809 572 1886 opponunt,
607 1794 739 1866 disserit.
782 1797 881 1878 Sunt,
906 1801 961 1889 qui
981 1800 1109 1868 Eusebii
1125 1803 1173 1892 (2)

192 1920 373 1988 auctoritate
406 1918 544 2008 priorem
573 1915 665 2006 hujus
691 1917 766 1983 libri
796 1931 918 2010 partem
944 1920 1072 2009 periisse
1102 1922 1175 2012 opi-

192 2055 325 2124 nentur3
358 2039 472 2130 quibus
500 2051 607 2106 tamen
635 2033 782 2128 squidem
801 2041 941 2108 assentiri
960 2039 1045 2108 haud
1064 2042 1173 2111 ausim.

193 2163 322 2232 Eusebii
345 2161 431 2228 enim
455 2161 561 2241 locus,
594 2172 629 2227 ut
657 2160 844 2228 Prudentius
862 2160 1007 2230 Maranus
1024 2163 1175 2244 tentarit,

195 2309 258 2352 non
287 2297 410 2351 tantum
437 2281 527 2348 aliter
555 2281 701 2371 explicari
728 2282 823 2372 possit
846 2281 917 2372 (3),
945 2306 1053 2350 acrum
1081 2285 1177 2350 etiam

195 2405 380 2496 primarium
399 2415 616 2494 argumentum
635 2401 696 2492 ipsi
714 2402 820 2468 libello
840 2402 930 2472 inest.
973 2403 1086 2471 Omnia
1103 2428 1177 2494 pro·

199 2525 275 2593 dunt
292 2537 393 2592 totum
407 2537 439 2592 et
459 2524 615 2616 integrum
634 2545 717 2606 csse;
739 2535 769 2589 et
780 2523 839 2590 nisi
849 2523 1070 2590 Eusebiilocus
1081 2537 1178 2590 casta-

196 2659 262 2727 ret,
295 2645 407 2714 eximie
436 2645 569 2725 dubito,
603 2669 642 2710 an
666 2667 805 2735 unquam
823 2645 893 2736 quis
912 2643 1031 2736 aliquid
1051 2644 1179 2744 desida-

196 2764 502 2856 rasset(i).1pse
527 2765 680 2852 Justinus
695 2788 756 2832 non
782 2767 826 2832 ait
853 2789 885 2834 se
908 2765 964 2846 id,
987 2765 1071 2858 quod
1091 2766 1178 2857 agit,

196 2912 232 2956 ex
251 2887 353 2958 Sacris
369 2885 571 2977 scriptoribus
586 2885 808 2978 probaturum,
832 2885 884 2954 aed
907 2909 944 2956 ex
962 2887 1089 2956 Graecis
1105 2899 1179 2954 tan·
1247 2877 1250 2884 ’

197 3023 287 3092 tum3
322 3006 401 3074 hoco
429 3020 499 3074 sunt
521 3007 586 3095 ejus
608 3004 723 3076 rerba:
754 3008 787 3083 ἐξ
811 2993 857 3075 ὧν
880 3011 938 3092 γάρ
966 3011 996 3074 οἱ
1017 3013 1102 3076 πάνυ
1128 3013 1184 3085 τὰς
1238 2991 1241 2998 ’

194 3135 257 3198 τῶν
289 3127 567 3214 εἶδώλωθρησκείας
600 3131 694 3210 νόμον
731 3134 794 3203 τοῖς
835 3125 959 3202 πολλοῖς
986 3128 1179 3214 παρέδοσαν,

197 3255 352 3334 μαθόντες
384 3249 417 3324 ἐξ
453 3248 557 3315 αὐτῶν
586 3247 722 3328 ἀγνῶτες
756 3254 810 3314 νοῦ
845 3247 1082 3334 ἐλεγχθήσονται
1125 3252 1183 3316 ὑπὸ

200 3374 263 3438 τῶν
286 3369 359 3457 παρ’
384 3370 487 3446 αὐτοῖς
508 3371 645 3453 ποιητῶν
669 3370 721 3434 aot
742 3366 940 3454 μελογράφων
963 3368 1022 3457 (5).

228 3615 269 3683 (1)
286 3616 344 3682 ipse
361 3631 477 3666 rueram
495 3615 629 3664 consilinm
645 3616 673 3664 et
688 3601 864 3678 arpumeritum
881 3612 985 3664 exhibet
1000 3615 1061 3679 Cap.
1081 3612 1107 3660 l.

228 3699 269 3767 (2)
288 3699 358 3752 Eiet.
379 3700 451 3750 Eooi.
472 3699 516 3750 tv.
536 3699 563 3750 8.
583 3699 644 3748 itam
661 3713 808 3750 sternantur
825 3687 853 3750 i..
873 3697 917 3748 tv.
936 3699 996 3764 Gap.
1015 3696 1042 3746 6.

227 3786 267 3852 (8)
285 3787 385 3836 Eonnrr
412 3784 463 3834 loci
491 3783 670 3850 interpretatio
696 3797 711 3833 a
738 3783 890 3833 Prudentia
905 3781 1022 3832 Morosa
1048 3779 1075 3828 in
1091 3781 1186 3847 praes.

194 3871 260 3922 ente.
281 3869 380 3936 σαψ.
400 3868 495 3920 Sosott
512 3867 605 3918 Morari
625 3868 756 3932 ingeniosa
776 3867 895 3932 quidem,
922 3867 966 3917 aed
992 3868 1110 3916 contorta
1135 3869 1185 3916 att.

194 3955 246 4006 tto·
263 3955 317 4020 ipod
334 3971 385 4004 non
404 3955 537 4006 convictos
556 3969 627 4014 eote,
646 3969 698 4004 non
716 3952 860 4006 diffitemur.

230 4037 270 4103 (d)
289 4039 328 4088 cr.
347 4055 421 4090 aanor
438 4038 577 4106 praefatio
594 4021 670 4090 adh.
691 4038 709 4086 t.

230 4122 271 4190 (5)
288 4125 348 4190 Cap.
366 4123 392 4175 2.
