2978 5106
802 421 845 514 'na

334 651 389 744 qui
410 645 615 716 Christianam
634 643 806 718 doctrinam
823 643 1086 737 aggrederentur,
1110 647 1193 722 Celsi
1211 654 1315 722 maxi-

335 794 408 854 me,
433 769 584 838 Hieroclis
605 767 758 849 aliorum,
782 780 933 858 quatenus
950 791 986 837 er
1005 769 1116 853 libris,
1140 793 1217 861 qttee
1234 771 1315 842 0ri·

336 911 428 984 genes
446 903 552 958 eontra
573 886 696 956 Celsum
713 888 855 979 scripsit,
879 889 1033 980 conjicere
1051 891 1137 964 ticet.
1155 930 1201 946 ·-
1212 893 1318 962 Jmti-

335 1035 393 1081 nus
420 1012 487 1102 ipse
512 1009 604 1102 hujus
629 1009 676 1076 rei
694 1007 908 1080 difficultatem
927 1011 1054 1082 sensisse
1076 1011 1222 1096 ridetur,
1244 1037 1318 1089 cum
1413 1083 1417 1092 .

336 1133 370 1200 in
399 1131 550 1222 Apologia
578 1131 678 1220 prima
694 1130 742 1219 (l)
766 1131 827 1207 hoc
844 1146 1060 1224 argumentum
1078 1134 1238 1225 inceptum
1256 1159 1318 1212 nnn

338 1274 489 1344 exponere
511 1241 634 1342 pergit,
657 1251 718 1318 nisi
736 1265 898 1343 postquem
915 1253 992 1324 lesa
1012 1251 1128 1326 Gloriari
1145 1255 1318 1328 doctrinam

338 1375 487 1442 moralem
506 1373 634 1463 ejusque
649 1372 682 1438 in
701 1371 863 1444 hominum
882 1375 1022 1457 animos,
1046 1376 1109 1446 rim
1127 1389 1159 1444 et
1177 1377 1317 1448 efficaci-

338 1507 435 1566 tatem
463 1493 586 1586 egregie
613 1494 819 1584 exposuisset,
848 1493 1041 1586 lectoresque
1060 1495 1104 1564 sic
1122 1511 1319 1588 praeparetur

339 1616 427 1706 quasi
445 1627 477 1681 et
494 1614 656 1688 benerdos
674 1612 876 1694 reddidisset,
895 1613 1034 1686 bortrtua
1050 1615 1141 1686 simul
1161 1619 1319 1689 neallae·

337 1725 482 1803 monibus
507 1756 538 1801 se
557 1735 715 1801 occoecari
733 1746 912 1824 paterentur
933 1735 994 1824 (2).
1043 1735 1094 1806 tn
1116 1739 1210 1808 altera
1230 1751 1320 1832 pnrta

339 1868 423 1922 recte
439 1855 581 1923 lustinus
599 1854 769 1934 sentiebat,
796 1875 919 1924 omnem
947 1856 1104 1947 religionis
1126 1855 1320 1927 cbristianae

340 1977 484 2052 Divinam
504 1976 721 2044 auctoritatem
735 1977 867 2044 maxime
881 1999 898 2044 a
913 1996 1060 2066 personae
1073 1979 1149 2048 Jesu
1169 1977 1321 2071 dignitate

341 2097 495 2191 pendere,
513 2096 591 2166 adeo
609 2095 755 2187 quidem,
773 2110 808 2164 ut
826 2098 1006 2188 persensisse
1025 2097 1185 2180 rideatur,
1206 2113 1322 2190 quanto

341 2218 537 2290 excellentior
564 2218 639 2286 huic
665 2217 831 2286 auctoritas
853 2231 884 2285 et
903 2217 1047 2309 religioni
1066 2243 1137 2288 snae
1155 2221 1242 2311 o'riga
1259 2220 1320 2288 trl·

340 2341 508 2421 bearetur,
531 2349 618 2408 tanto
636 2340 784 2430 majorem
801 2337 904 2408 eidem
922 2339 1082 2408 conciliari
1100 2341 1215 2423 iidem,
1235 2353 1324 2412 tanto

328 2463 440 2552 ‚majus
459 2459 605 2552 pretium.
916 2469 920 2478 '

387 2581 492 2650 Habet
514 2591 673 2670 praeterea
689 2578 766 2646 Jesu
783 2577 913 2648 historin
931 2581 1030 2648 malta
1047 2563 1226 2671 peculiaria.
1269 2581 1322 2650 Ab
1395 2659 1398 2666 ¹

344 2702 436 2772 initio
461 2701 501 2768 ad
524 2700 619 2769 finem
646 2711 691 2768 est
717 2721 814 2768 unum
843 2699 932 2790 quasi
959 2699 1156 2772 miraculum.
1208 2699 1321 2774 Omtstn

344 2835 436 2893 extra,
450 2831 629 2890 consuetum
648 2811 754 2886 rerum'
769 2817 914 2886 ordinem
924 2829 1092 2910 'vagantem

390 2941 479 3010 Varii
502 2940 585 3012 ruric
610 2941 695 3008 omni
713 2954 852 3030 tempore
869 2941 987 3031 singola
1005 2941 1160 3032 explicare
1177 2942 1323 3024 soluere,

347 3062 437 3136 obliti
454 3060 550 3132 elt'eul
570 3083 606 3128 er
619 3038 716 3130 Sacro
736 3058 852 3128 (lodice
869 3060 962 3128 unice
981 3060 1185 3151 sapiendum,
1202 3061 1323 3132 amnia·

345 3206 425 3274 que,
446 3205 526 3274 quae
549 3181 589 3250 de
605 3181 680 3250 Jum
699 3180 843 3259 dicuntur
853 3229 864 3262 ‚
883 3179 1228 3251 llirinaSacrichi‘et't
1246 3201 1325 3254 auc·-
1392 3161 1398 3170 ¹

348 3306 474 3376 artare
491 3322 564 3374 cum
582 3301 645 3372 tide
662 3325 726 3381 esse
744 3299 942 3392 recipiendal
967 3309 974 3318 '

258 3405 261 3411 s
394 3423 553 3504 lustinus,
572 3421 765 3516 philosophie
784 3435 815 3492 et
829 3421 924 3492 Sacro
939 3419 1055 3494 Codice
1073 3420 1225 3506 ducibus,
1243 3420 1325 3494 hane

350 3542 391 3612 de
405 3543 481 3616 Jcau
494 3542 808 3616 omnitenentem
826 3544 995 3636 explicare,
1013 3543 1170 3614 sindicare
1190 3555 1222 3614 tt
1240 3563 1326 3614 ccm-

349 3663 499 3737 mendare
518 3677 667 3748 conatar3
692 3677 872 3756 argumenta
889 3679 1012 3749 tamen,
1034 3665 1111 3736 Jertr
1130 3663 1327 3734 divinitatem

352 3797 384 3853 et
408 3785 474 3875 qus
502 3797 651 3874 tanquam
672 3784 806 3854 doctoris
824 3783 923 3856 dirim
939 3785 1120 3879 dignitatem
1139 3784 1328 3880 probantia,

379 4083 420 4154 tr)
437 4085 499 4150 cap.
520 4081 565 4133 ra.

378 4166 419 4236 (a)
438 4165 515 4234 aper.
534 4165 556 4215 r.
577 4162 611 4214 rt
627 4179 685 4228 sqq.
