3010 5110
822 421 978 528 'so'

345 735 353 752 ⁸
415 683 479 730 som
506 661 570 726 viur
589 660 622 725 in
639 680 739 725 mores
756 656 846 726 hicce
864 657 1003 726 Deorum
1020 659 1120 726 cultus
1137 658 1288 740 heberet,
1311 681 1398 726 con-

414 794 495 863 stct;
517 751 654 847 alebatur
668 775 800 846 marinio
820 778 904 845 festis
916 827 926 860 ,
937 801 1015 868 quae
1037 779 1121 844 omui
1136 776 1263 844 libidini
1281 801 1395 846 nusum

414 899 540 968 dehent.
582 899 721 966 Justinus
746 899 811 988 ipsu
828 897 906 964 hoec
919 899 1012 987 festo
1031 898 1064 962 in
1083 899 1219 966 Deorum
1237 897 1394 966 honorem

414 1019 540 1101 habita,
568 1019 731 1110 inquibus
752 1019 865 1086 scelere
885 1020 1019 1086 Deorum
1040 1019 1236 1099 referuntur,
1260 1018 1299 1085 iis
1319 1032 1396 1110 uptc

417 1139 524 1230 objicit
544 1139 604 1228 (1).
650 1139 710 1226 Qui
729 1141 762 1229 in
781 1137 829 1204 his
848 1139 952 1219 luxus,
971 1137 1066 1204 tibine
1077 1187 1087 1218 ,
1104 1151 1279 1228 unguento,
1301 1159 1394 1206 coro-

413 1262 494 1342 hse,
522 1259 647 1350 pudoris
674 1259 825 1350 pernicies
847 1271 878 1326 et
898 1259 1084 1347 llogitiorurn
1103 1258 1320 1339 irritamento,
1340 1261 1395 1325 vi-

416 1393 528 1472 geant,
562 1379 781 1469 indignationis
810 1378 944 1470 quodum
970 1382 1081 1460 seush,
1100 1393 1259 1449 monstrnt.
1309 1381 1394 1466 Qui-

416 1521 539 1590 cunque
563 1499 616 1564 hio
635 1499 842 1589 reputaverit,
862 1498 1042 1566 severiorem
1062 1511 1136 1564 tunc
1154 1499 1302 1589 temporis
1319 1522 1395 1566 mo-

417 1643 487 1686 rum
498 1619 668 1687 doctrinam
679 1621 759 1686 inter
770 1617 958 1688 Christianos
968 1635 1125 1708 regnasse,
1140 1631 1171 1685 et
1181 1616 1394 1702 Christianos,

417 1761 538 1808 morum
558 1740 716 1831 pravitatis
735 1739 809 1808 falso
827 1715 894 1807 reos
913 1739 1052 1819 habitos,
1073 1738 1394 1828 spessimisllthnicis

416 1873 537 1928 verutos
565 1861 677 1943 luisse,
710 1861 801 1928 focile
818 1859 969 1950 intelliget
985 1859 1143 1926 Justiuum
1163 1860 1194 1925 in
1214 1859 1274 1926 hoc
1294 1883 1394 1950 orgu-

417 1994 522 2049 mento
550 1981 750 2074 exponendo,
787 1980 886 2047 nobili
913 1977 1045 2069 quadarn
1073 1978 1284 2070 indignatione
1313 1977 1392 2046 duc-

418 2116 508 2184 tum,
526 2103 655 2171 modum
673 2103 765 2169 facile
783 2100 1007 2169 excessisse.—
1018 2099 1153 2166 Deorum
1172 2099 1253 2166 lacte
1272 2112 1304 2165 et
1314 2099 1392 2166 leste

418 2223 451 2288 in
466 2245 574 2290 eorum
591 2222 740 2290 honorem
759 2219 865 2288 habitu
885 2241 981 2310 quum
998 2218 1205 2299 exhibuisset,
1225 2217 1302 2310 quid
1321 2220 1391 2286 telis

418 2343 528 2432 religio
548 2343 645 2408 uolent
656 2392 666 2423 ,
685 2365 721 2408 er
738 2342 775 2409 iis
797 2340 913 2408 ironice
931 2340 1132 2430 iisquaerit:
1158 2344 1190 2407 τί
1209 2343 1393 2421 ἀγανακτεῖς

417 2461 540 2549 Ἕλλην
576 2466 640 2546 ὢν,
674 2467 746 2550 πρὸς
774 2467 809 2529 τὸ
830 2462 937 2530 τέκνον
958 2471 1031 2542 σοῦ,
1060 2466 1086 2527 εἰ
1112 2464 1166 2528 τὸν
1194 2461 1257 2528 Ata
1283 2469 1392 2544 uiuus!-

416 2607 506 2665 μενος
539 2583 726 2672 ἐπιβουλεύει
756 2585 801 2648 ool
822 2585 874 2648 nul
896 2587 947 2648 cod
973 2584 1027 2649 τὸν
1051 2587 1149 2663 γάμον
1171 2579 1331 2666 consil-qm
1361 2583 1392 2647 ri

417 2713 526 2770 τοῦτον
562 2707 673 2790 ἐχθρὸν
706 2707 767 2788 ἡγῇ
795 2706 849 2768 τόν
876 2727 908 2767 τε
936 2703 1040 2784 ὅμοιον
1067 2702 1150 2785 αὐτῷ
1171 2699 1270 2786 ogig,-
1299 2700 1330 2764 ri
1356 2699 1389 2766 δέ

316 2827 324 2844 “
417 2821 520 2922 μέμφῃ
547 2827 599 2886 σοῦ
613 2825 670 2903 τὴν
693 2827 826 2901 γυναῖκα
852 2819 1023 2894 ἀκολάστως
1043 2819 1160 2897 ζῶσαν,
1180 2824 1237 2901 rdv
1259 2843 1291 2884 τε
1304 2817 1392 2902 Ἀφ-

417 2939 542 3024 ροδίτην
570 2945 655 3014 ναοῖς
674 2939 931 3027 τετίμηκας;,(2).

466 3057 511 3124 ter
529 3056 578 3128 his
596 3059 726 3150 quisque
743 3059 887 3150 intelligit
896 3059 1156 3143 ,dustinumtalin
1167 3061 1387 3150 orgnmeutcin

418 3153 557 3245 inedium
584 3178 762 3269 protulisse,
788 3202 867 3270 quoe
886 3180 1024 3270 wcmuis
1049 3202 1138 3246 sanae
1155 3180 1386 3261 mentis,etcui

417 3318 481 3364 non
509 3298 608 3365 onmis
625 3299 739 3371 veriet
758 3297 863 3366 decori
883 3321 984 3366 sensus
1003 3297 1139 3380 deesset,
1161 3298 1271 3368 docere
1290 3300 1386 3368 debe-

419 3429 501 3498 rent,
512 3417 650 3499 stultum,
666 3418 847 3500 absurdum,
865 3419 929 3486 imo
939 3441 1033 3509 quom
1044 3418 1176 3484 monime
1186 3405 1316 3512 impiurir
1327 3443 1388 3488 esse

418 3536 494 3602 tales
513 3535 594 3604 Deos
612 3560 775 3628 agnoscere
792 3551 823 3606 et
837 3540 937 3606 colere
949 3562 958 3622 ;
971 3537 1047 3605 odeo
1066 3551 1100 3604 ut
1119 3539 1212 3606 tacite
1224 3539 1385 3632 impictatis

420 3657 540 3724 crimen
567 3657 600 3723 iu
630 3658 711 3749 ipsos
738 3659 893 3750 religionis
921 3657 996 3728 Chr.
1020 3657 1207 3727 adversarios
1223 3661 1384 3730 retorserit.

435 3813 740 3831 h*

450 3910 490 3978 (1)
511 3913 606 3964 Oratio
619 3914 656 3976 3,
676 3912 702 3965 d.
954 3973 959 3988 .

451 3997 491 4062 (2)
509 3997 584 4064 Apol·
610 4000 632 4048 1.
656 3997 700 4050 20.
737 3999 776 4049 ct.
804 4013 829 4048 s.
849 4011 976 4078 ruerunt,
1001 3998 1066 4048 other
1088 3997 1136 4048 das
1159 3995 1247 4048 Wosost
1269 3997 1324 4046 und
1342 3997 1391 4047 don

416 4083 554 4134 slttls‘clsrt
579 4083 701 4150 Ednflucs
724 4085 769 4134 des
795 4083 1003 4144 Hotdonrtums,
1030 4084 1056 4132 in
1079 4097 1186 4133 amun
1204 4079 1390 4147 flectendiq-

414 4165 521 4227 tossen,
541 4169 611 4220 lom.
632 4169 654 4222 1.
