3016 5108
826 464 868 526 24

359 679 420 753 qne
449 659 590 739 consilii,
623 669 705 724 arcte
725 657 850 747 juncti,
874 657 993 726 ratione
1015 657 1333 754 hahltf,.utrnmqne

357 783 546 872 Apologetae
574 801 705 859 munus,
739 776 947 846 defensionem
974 791 1005 846 et
1032 779 1331 850 commendationem

358 906 595 993 conjungentes,
630 899 870 990 disputationem
896 901 930 964 in
955 900 1014 966 tria
1039 902 1202 991 sequentia
1228 906 1330 994 capita

357 1023 573 1090 divideremus.

405 1147 449 1211 1⁰.
476 1141 643 1210 Christiani
670 1139 755 1206 haud
784 1141 875 1231 impii
899 1155 969 1209 sunt
988 1141 1125 1210 habendi
1136 1193 1147 1224 ,
1171 1142 1255 1233 qood
1272 1161 1331 1209 ra-

355 1286 432 1330 num
457 1264 575 1328 cultum
602 1261 804 1350 reliquerint,
838 1285 896 1328 nec
921 1263 993 1330 ideo
1015 1263 1240 1354 persequendi3
1266 1267 1332 1333 imo

350 1383 503 1450 laudandi
500 1382 638 1498 potius,
658 1381 743 1471 quod
761 1381 852 1448 nnius
870 1383 936 1449 reri
953 1385 1013 1451 Ilei
1031 1385 1180 1466 cultum,¹
1196 1407 1330 1476 eumque

353 1505 493 1572 omnium
500 1479 787 1592 dutiqnissimum,
820 1525 856 1568 er
886 1526 959 1570 vero
986 1517 1018 1570 et
1044 1504 1149 1584 dirimi
1173 1507 1331 1597 religionis

259 1659 262 1666 ·
352 1625 436 1692 fonte
457 1623 612 1714 petitum,
631 1645 721 1690 sanae
738 1623 850 1690 rationi
867 1645 1062 1715 magnopere
1072 1625 1327 1716 comprohatum,

351 1744 484 1835 amplexi
511 1743 583 1812 sint.
631 1744 726 1835 lmpii
745 1746 848 1835 potius
869 1744 1083 1812 considerandi
1100 1746 1160 1838 ipsi
1178 1748 1327 1837 gentiles,

350 1863 434 1954 quod
460 1865 494 1928 in
519 1841 604 1930 ¹avita
630 1865 846 1954 superstitione
864 1865 1079 1956 persistentes,
1103 1889 1200 1932 unum
1219 1889 1327 1934 rerum

347 1985 670 2054 Deum'noncolant:
698 2007 793 2075 quare
812 1963 904 2078 quam
924 1986 1093 2065 citissime,
1115 2000 1151 2052 ut
1170 1985 1327 2054 Christia-

345 2105 400 2186 ni,
425 2105 536 2170 falsum
559 2106 695 2172 Ilcorum
715 2105 832 2172 cultum
854 2105 1027 2175 deserunto.

393 2229 439 2292 2⁰.
467 2221 637 2290 Christiani
665 2247 723 2290 nec
750 2227 790 2292 oh
818 2226 970 2316 rehquam
997 2249 1083 2294 suam
1106 2191 1326 2318 professionem
1358 2237 1367 2262 ‘

327 2343 529 2434 spernendi,
553 2342 607 2410 sed
623 2359 810 2436 magnopere
828 2344 993 2426 laudandi,
1018 2347 1135 2438 quippe
1154 2351 1213 2440 qual
1232 2349 1326 2415 Diri-

344 2467 427 2534 nitus
455 2467 541 2547 orti,
571 2465 710 2532 omnium
737 2465 971 2555 antiquissimi,
994 2467 1226 2558 perfectamque
1245 2489 1324 2536 con-

344 2589 490 2656 stituente
499 2585 726 2678 philosophiam
738 2637 747 2666 ‚
758 2586 898 2653 homines
910 2638 919 2667 ,
932 2587 1009 2676 quid
1027 2609 1133 2658 rerum
1142 2637 1152 2669 ,
1158 2591 1276 2678 justum
1293 2603 1324 2657 et

342 2708 506 2776 honestum
525 2707 587 2787 sit,
611 2707 722 2773 eximie
742 2706 876 2776 discunt.
921 2707 971 2774 Oh
989 2708 1151 2774 stultitiam
1168 2709 1229 2799 ipsi
1247 2731 1323 2800 gen-

301 2855 303 2863 ·
341 2830 410 2896 tiles
437 2827 655 2917 vituperandi,
691 2827 745 2916 qui
773 2826 989 2916 philosophiae
1015 2827 1216 2918 imperfectae
1245 2843 1276 2896 et
1303 2853 1321 2895 a

340 2947 551 3015 Daemonihus
569 2947 681 3013 misere
699 2955 862 3036 corruptae
879 2944 998 3012 addicti
1014 2931 1159 3028 manent,
1182 2961 1248 3038 pro'
1259 2971 1321 3040 qua

339 3067 419 3135 adeo
444 3066 690 3135 Christianorum
716 3067 936 3156 professionem
955 3069 1197 3158 amplectantur,
1226 3091 1318 3159 quam

337 3191 470 3256 maxime
494 3203 625 3280 oportet.

383 3291 428 3379 3⁰.
456 3310 624 3378 Christiani
653 3309 728 3377 falso
747 3311 915 3378 criminum
930 3313 976 3377 rei
997 3310 1170 3392 hahentur,
1194 3312 1317 3402 profes-

336 3433 452 3499 sionem
482 3429 546 3495 rita
573 3431 688 3495 referre
710 3431 813 3512 soliti3
840 3433 957 3521 quique
976 3431 1036 3498 hoc
1053 3432 1155 3498 minus
1175 3432 1315 3514 faciunt,

334 3575 396 3640 non
423 3548 590 3618 Christiani
614 3550 762 3618 censendi
784 3563 866 3620 sunt.
913 3551 1023 3639 injusti
1043 3551 1146 3641 potius
1164 3565 1197 3618 et
1215 3552 1317 3642 iniqui

334 3671 484 3762 gentiles,
502 3669 574 3760 qni,
593 3671 733 3761 pessimis
753 3671 887 3738 consiliis
903 3670 1007 3750 ducti,
1025 3678 1157 3762 optimos
1174 3671 1315 3742 homines

334 3805 366 3858 et
384 3793 464 3859 cives
482 3815 567 3856 omni
559 3791 678 3858 modo
694 3803 824 3873 verant,
845 3792 899 3882 qui
919 3815 943 3858 sr
934 3791 1120 3858 hominum
1140 3804 1172 3859 et
1188 3793 1313 3882 imperii

332 3915 459 3980 salutem
476 3934 657 4003 promouere
672 3913 788 3992 velint,
814 3911 846 3976 id
867 3925 999 4001 agunto,
1021 3926 1055 3978 ut
1075 3933 1180 3980 omnes
1200 3911 1311 4034 Chris·

330 4033 420 4099 tinnis
443 4034 581 4100 moribus
604 4044 797 4099 exornentur.

377 4155 462 4220 llaec
491 4155 549 4220 tria
569 4153 694 4244 capita,
719 4153 889 4230 arctissime
916 4151 1099 4232 cohaerent,
1130 4175 1188 4218 nec
1213 4173 1309 4218 ursum
