2978 5106
645 459 686 522 97

157 679 162 684 ·
176 659 298 726 tionum
316 655 378 722 sint
392 666 552 736 auctores3
578 653 614 720 bi
631 653 899 745 praros'homiues
916 656 950 723 ia
960 655 1159 730 'Christianos

174 779 316 858 irritent,
346 799 460 867 eosque
486 777 638 857 incitent,
671 791 707 844 ut
725 775 894 844 Christiani
916 801 949 844 sc
968 780 1157 870 flagitiorum

173 922 242 967 reos
256 899 481 994 profiteantur,
500 898 646 988 aquibus
656 898 725 988 'ipsi
743 899 805 964 sint
822 898 936 979 alieni,
953 900 1067 989 quihus
1084 923 1157 998 pero

172 1021 234 1112 ipsi
250 1023 423 1088 Daemones
440 1042 535 1110 quam
553 1020 687 1084 maxime
704 1018 906 1088 delectentur.

218 1142 360 1208 Justiuus
376 1141 447 1207 'buc
473 1154 689 1232 argumentum
707 1140 828 1231 saepius
840 1163 952 1231 urgere
971 1141 1065 1222 solet,
1085 1165 1158 1210 cum

171 1275 209 1330 ut
227 1262 317 1352 genio
335 1260 587 1352 mo'iuduigeat‚
611 1275 680 1328 tum
702 1274 738 1326 ut
762 1260 904 1328 Eibriicis
922 1263 1075 1352 explicet,
1100 1267 1156 1354 qui

171 1381 342 1452 Christiani
377 1380 603 1449 borrcuhorum
644 1383 773 1449 istorum
819 1383 985 1448 criminum
1017 1386 1155 1452 accusari

170 1504 300 1594 possint.

219 1625 263 1694 Ut
289 1623 351 1691 hoc
376 1637 593 1714 argumentum
619 1623 700 1690 nihil
727 1627 853 1691 omniuo
878 1622 1088 1706 demonstrat,
1103 1626 1157 1692 'ita

52 1765 58 1778 ’
174 1737 260 1810 aliud
274 1767 312 1811 eo
325 1744 447 1834 gravius
463 1744 584 1834 saepius
594 1744 702 1809 afferre
712 1745 806 1813 solet:
828 1745 998 1815 nimirum:
1021 1747 1046 1811 si
1057 1743 1157 1812 ‘chri-

172 1866 264 1932 stiani
296 1865 354 1951 (sic
381 1864 421 1930 aii
436 1863 567 1954 'jubicas
592 1864 743 1954 loquitur)
769 1865 853 1930 omni
883 1887 1007 1932 morum
1027 1865 1155 1930 libidini

172 1983 247 2051 dare
274 2008 306 2052 se
324 1985 478 2076 gestiant,
508 1997 545 2050 ut
560 1983 695 2049 'Ethriici
713 1985 965 2066 calumniantur5
981 1983 1157 2074 -quidnitd

172 2118 288 2195 agunt,
316 2117 351 2170 ut
368 2127 400 2170 rc
418 2104 564 2194 jubicum
593 2117 760 2194 conspectu
791 2104 905 2171 remoti
931 2105 1056 2185 iiraut,
1092 2129 1155 2194 quo

171 2226 283 2291 melius
310 2225 441 2291 c'rimina
464 2224 691 2291 illa'borreuda
721 2237 843 2315 patrare
870 2226 1013 2314 possint?
1056 2227 1166 2316 Hujus·

172 2358 276 2412 autem
294 2345 341 2410 rei
359 2345 451 2435 plane
470 2346 659 2410 contrarium
676 2345 815 2424 iaciunt,
836 2343 947 2409 ar'dorc
967 2344 1103 2434 quodam
1123 2367 1156 2411 se
1256 2395 1263 2410 .

172 2443 584 2556 Christianosprofltcutes,
617 2465 754 2556 persuasi
768 2465 855 2532 'licet
883 2487 954 2531 mor
980 2489 1089 2533 necem
1113 2467 1154 2533 ob

173 2589 271 2678 ipsam
289 2585 371 2652 banc
388 2585 611 2676 professionem
630 2585 690 2652 sibi
707 2585 822 2650 instare
834 2585 903 2672 ’(1).

216 2708 287 2774 Hcc
311 2719 492 2804 argumento
514 2729 572 2798 pro
593 2706 1030 2774 Christianorum'inaocentia
1046 2707 1154 2774 'Justi-

169 2853 228 2896 nus
249 2829 361 2896 clarius
380 2841 412 2894 et
430 2826 761 2893 eii'dentius‘hltbuicis
780 2848 929 2916 reponere
948 2848 1010 2893 non
1028 2829 1153 2917 potuit,

169 2948 264 3016 modo
299 2947 335 3014 hi
360 2945 564 3014 ‘'iibristianos
595 2968 657 3012 uon
685 2945 726 3012 a'd
754 2947 959 3014 fanaticorum
988 2971 1154 3015 numerum

167 3068 353 3136 retulissent.

214 3191 285 3257 Non
310 3201 413 3254 autem
440 3187 473 3252 in
493 3186 542 3252 his
561 3185 776 3278 similibusque
794 3186 1036 3278 generalioribus
1054 3212 1152 3280 argu-

167 3309 303 3389 mentis,
331 3309 444 3399 quibus
459 3305 654 3375 'Ohiistiauos
674 3309 822 3376 innocuos
841 3333 905 3376 csse
923 3311 1057 3400 probet,
1079 3313 1153 3378 sub-

168 3431 269 3512 sistit3
304 3430 344 3495 ab
362 3431 446 3520 'ipsis
470 3430 653 3496 criminibus
667 3429 967 3498 ecs'dem'immuncs
985 3455 1067 3516 csse„
1087 3434 1150 3498 siu-

165 3551 295 3640 gulatim
319 3549 518 3619 demonstrat.
592 3585 595 3592 ·

214 3669 262 3738 Nc
280 3670 458 3752 calumniis,
477 3670 646 3738 secuudum
664 3695 740 3762 quas
755 3671 924 3740 Christiani
940 3673 973 3738 in
989 3673 1051 3740 suis
1068 3696 1148 3739 cou-

167 3789 308 3860 toutibus
327 3791 411 3859 omni
426 3791 533 3858 sceleri
552 3807 583 3860 ct
598 3793 743 3884 pravitati
753 3815 785 3860 sc
796 3792 918 3860 tradere
929 3793 1147 3883 perhibeban-

167 3925 238 3992 tur,
258 3909 335 3986 hdcs
355 3909 522 3978 haberetur
534 3963 543 3994 ,
557 3913 708 4006 lreligiosis
726 3927 830 3982 ments
850 3914 974 4004 copiose
993 3927 1026 3981 ct
1043 3913 1146 3982 riri'dc

194 4175 234 4245 (ι)
252 4177 327 4243 spot.
348 4177 383 4230 ιι.
403 4177 436 4241 s,
459 4175 499 4230 12.
520 4175 543 4230 r.
561 4175 588 4227 s.
719 4199 722 4204 n

985 4273 1003 4334 7
