3016 5108
806 413 844 474 16

360 614 477 698 'Quum
493 610 550 694 sub
561 609 716 676 Antonino
726 609 783 677 Pio
794 610 840 698 (1)
861 609 996 678 Urbicus
1014 610 1189 700 praefectus
1201 609 1305 695 urbis,

227 821 230 828 Ι
327 731 492 824 instigante
507 721 837 822 marimel'hilosopho
857 729 1039 812 Crescente,
1064 733 1177 798 acriter
1192 734 1308 800 Romae
1412 821 1416 828 ,

328 855 360 919 iu
376 856 479 944 plures
495 851 683 920 Christianos
700 853 786 920 nulla
800 856 884 942 justa
903 852 943 924 de.
959 875 1050 919 causa
1066 853 1212 933 saeviret,
1236 855 1309 920 Jus-

330 976 434 1056 tinus,
459 973 598 1063 quamvis
616 974 708 1040 sciret
727 972 766 1038 de
786 997 839 1040 sua
849 975 988 1062 pernicie
1000 973 1126 1040 consilia
1135 974 1213 1040 inita
1224 997 1310 1055 esse,

329 1109 434 1162 tamen
464 1093 709 1163 Christianorum
735 1099 858 1162 causahr
885 1095 945 1164 sibi
971 1093 1118 1161 tuendam
1147 1095 1311 1162 esse'eem·

328 1200 411 1296 suit,
436 1235 532 1305 quare
559 1213 640 1281 hane
657 1216 786 1280 alteram
797 1194 959 1281 'minorem
977 1214 1184 1306 Apologiam,
1208 1214 1311 1284 Sena-

331 1337 397 1416 tui,
416 1337 544 1430 ipsique
560 1335 746 1426 Imperatori
763 1334 821 1424 (ad
837 1358 931 1426 quem
946 1335 1016 1402 mor
1033 1337 1203 1403 orationem
1224 1359 1312 1402 suam

330 1457 482 1523 convertit
501 1456 548 1544 (2)
571 1456 706 1538 obtulit3
732 1455 943 1525 demonstrans
963 1454 1152 1522 Christianos
1169 1478 1232 1522 non
1250 1443 1312 1521 alia

332 1575 371 1641 de
390 1598 481 1642 causa
498 1577 617 1656 varari,
640 1575 701 1643 nisi
720 1577 793 1666 quia
811 1578 973 1644 veritatem
989 1565 1101 1643 docent
1117 1589 1148 1642 et
1166 1576 1313 1644 virtutem

273 1719 277 1731 ·
332 1697 459 1775 colunt,
488 1695 584 1786 idque
614 1697 770 1787 imprimis
798 1697 868 1762 fieri
896 1719 989 1787 opera
1009 1697 1226 1779 Daemcnum,
1258 1699 1313 1787 qni

332 1838 395 1882 sese
415 1837 536 1906 semper
552 1801 761 1903 ‚teodinus
784 1839 941 1908 opponere
959 1818 1086 1884 soleant.

376 1936 461 2002 llaec
479 1935 518 2000 de
532 1936 648 2002 Justini
661 1938 785 2027 seriptis
799 1959 970 2027 eorumque
982 1938 1122 2004 universo
1132 1951 1312 2028 argumento

305 2115 306 2122 ,
331 2057 582 2145 praemonuisse,
606 2057 679 2123 satis
698 2069 754 2124 est.
781 2056 881 2126 Nemo
898 2080 961 2124 non
979 2080 1016 2123 er
1034 2056 1126 2124 dictis
1138 2059 1312 2148 intelligit,

330 2197 394 2244 uon
411 2197 499 2266 posse
517 2197 580 2241 non
599 2175 789 2264 singulorum
806 2175 919 2244 horum
935 2177 1107 2259 librorum,
1124 2179 1315 2268 peculiarem

333 2317 397 2362 esse
416 2293 570 2377 indolem
597 2297 734 2363 cernitur
754 2296 807 2364 illa
826 2297 859 2362 in
877 2296 998 2364 diverso
1013 2312 1209 2390 argumento,
1234 2321 1315 2366 con—

333 2416 402 2483 silio
431 2429 462 2482 et
490 2415 647 2482 scribendi
675 2417 805 2486 ratione.
853 2418 920 2485 Etsi
946 2418 1028 2484 enim
1056 2419 1157 2484 ubivis
1181 2417 1316 2485 eundem

331 2537 491 2605 lustinum
512 2536 604 2603 'idem
632 2559 723 2628 agere
748 2537 888 2604 ridemus
900 2589 909 2620 ,
943 2551 1047 2605 tamen
1075 2538 1201 2630 singulis
1225 2538 1315 2604 libris

333 2681 391 2750 pro
419 2656 561 2740 diverso,
577 2656 625 2723 'ad
652 2656 736 2748 quod
760 2659 868 2750 'scripti
886 2672 977 2741 sunt,
1000 2659 1163 2726 hominum
1182 2681 1316 2750 genere,

333 2779 415 2869 priri
445 2777 521 2868 qnia
547 2801 610 2844 non
636 2777 739 2868 potuit
766 2775 830 2846 non
856 2777 1036 2848 adhaerere.
1088 2780 1127 2846 In
1150 2779 1316 2871 Apologiis
1409 2829 1411 2834 ,

329 2896 420 2966 'aliud
448 2898 509 2988 ipsi
537 2911 610 2964 ante
637 2899 740 2966 oculos
765 2899 944 2966 obversatur
963 2901 1125 2967 eonsilium
1137 2950 1147 2982 ,
1172 2923 1267 2990 qoam
1284 2900 1318 2964 in

334 3018 464 3110 Dialogo
491 3039 564 3084 cum
592 3019 760 3109 Tryphone
779 3029 811 3085 et
829 3021 943 3096 libellis
961 3019 1001 3086 ad
1011 3021 1149 3088 Gentiles
1168 3021 1312 3112 scriptis:

282 3115 284 3124 Ι
335 3141 369 3206 in
386 3138 437 3206 his
451 3139 548 3206 rerba
566 3120 642 3207 facit
662 3138 702 3206 ad
722 3139 863 3208 homines
881 3143 1096 3232 superstitione
1117 3155 1148 3208 et
1167 3143 1317 3232 ignoran-

292 3320 295 3332 ,
334 3261 378 3327 tia
398 3259 570 3342 seductos,
582 3261 616 3328 in
635 3261 696 3328 illis
713 3262 753 3328 ad
770 3263 931 3344 homines,
956 3261 1065 3330 iisdem
1086 3261 1215 3350 quidem
1233 3263 1318 3328 vitiis

334 3379 529 3461 laborantes,
563 3379 617 3448 sed
645 3381 736 3447 simul
756 3383 928 3472 'politicos;
954 3381 1029 3447 hinc
1049 3381 1317 3477 gentiles'per‘spi-

336 3524 415 3583 cua,
439 3500 549 3581 brevi,
573 3501 759 3592 ingenioque
784 3524 919 3593 congrua
936 3502 1074 3582 ratione,
1099 3500 1139 3567 de
1158 3502 1318 3592 religionis

239 3715 241 3720 Ι
336 3621 436 3690 avitae
454 3619 661 3706 absurditate,
688 3621 882 3691 Christianae
901 3641 973 3687 rero
987 3622 1172 3711 praestantia
1191 3622 1320 3687 courin-
1340 3605 1343 3612 Δ

209 3831 211 3838 y
313 3743 448 3826 .cendi;
475 3743 718 3833 Imperatoribus
742 3742 872 3832 aliisque
892 3741 1096 3808 nobilioribus
1116 3763 1178 3806 non
1195 3751 1320 3806 tantum

348 3889 712 3909 ----———--·-

370 3966 409 4032 (l)
427 3965 466 4016 Cf.
485 3978 597 4013 uranon
616 3961 635 4011 l.
654 3975 678 4008 c.
695 3958 742 4021 qui
760 3973 818 4006 cum
841 3957 992 4010 Valesi0,et
1015 3956 1154 4018 Lougeruio
1176 3920 1334 4015 consentit,

336 4053 346 4098 l
367 4052 396 4100 B.
414 4050 432 4098 3
450 4047 530 4099 Abiit.
549 4063 607 4112 pag.
629 4043 696 4092 1114
713 4059 770 4106 sqq.
803 4111 805 4116 ἲ

341 4185 343 4190 ,
370 4133 410 4201 (2)
427 4136 485 4199 Cap.
506 4134 539 4191 3,
560 4133 647 4196 ibique
665 4144 781 4180 aureumr
799 4129 941 4183 annotatio.
