3016 5108
838 474 859 534 2

307 713 311 724 ·
363 695 450 740 mum
476 672 560 739 hunc
586 671 721 738 fructum
749 682 925 761 praestare,
960 671 1003 737 ita
1028 692 1085 760 pro
1103 685 1191 763 parte
1210 673 1342 741 eandem

362 796 465 886 capiet
483 794 669 874 utilitatem,
699 791 753 882 qui
773 792 901 884 alicujus
919 793 1130 862 memorabilis
1153 795 1344 886 Apologetac

361 917 475 1007 scripta
492 917 591 1007 legat,
608 913 792 994 meditetur,
812 927 843 981 et
858 937 916 1005 pro
934 913 1053 980 viribus
1067 912 1285 1006 philosopham
1301 916 1342 984 de

358 1037 396 1102 iis
414 1037 554 1104 instituat
573 1019 837 1126 disputationem;
866 1036 899 1102 in
918 1049 1119 1125 argumenta,
1143 1039 1256 1128 quihus
1273 1061 1341 1106 rem

360 1157 568 1226 Christianam
598 1155 773 1224 defenderit
806 1170 837 1223 et
865 1156 1150 1240 commendaverit,
1181 1160 1342 1250 inquirens

357 1301 455 1370 eaque
475 1278 659 1369 dijudicans.
695 1277 797 1363 Quare
813 1291 844 1344 et
863 1279 952 1345 nobis
962 1278 1133 1347 ‚Iustinum
1148 1269 1340 1370 Martyrum

357 1400 576 1492 Apologelam
610 1399 771 1466 adversus
807 1399 972 1466 Etdnicos
1005 1399 1198 1468 considerare
1224 1401 1334 1484 lubet;
1431 1449 1437 1458 -

357 1521 460 1612 ipsum
488 1543 561 1588 vero
589 1517 650 1587 hoc
676 1532 891 1610 argumentum
909 1517 994 1585 haud
1012 1520 1103 1586 facile
1121 1521 1252 1588 acriores
1270 1523 1339 1588 cri-

355 1642 433 1708 ticos
452 1643 534 1708 lenes
554 1625 663 1708 reddet
683 1655 714 1708 et
732 1642 855 1722 faciles,
871 1641 896 1708 si
914 1641 947 1706 in
961 1643 1135 1732 argumenti
1150 1643 1340 1732 expositione

309 1821 312 1827 .
357 1785 429 1828 eum
458 1761 618 1830 doctrinae
642 1776 825 1854 apparatum
844 1775 876 1828 et
900 1762 1063 1829 subactum
1081 1761 1233 1851 judicium
1252 1761 1339 1830 desi-

357 1882 553 1964 deraverint,
577 1907 659 1975 quae
676 1883 730 1950 hic
745 1907 764 1950 a
780 1885 846 1950 viro
863 1879 1042 1963 exercitato,
1058 1882 1159 1948 minus
1174 1886 1337 1972 ajnrenc,

354 2006 474 2098 requiri
492 2019 630 2096 possunt.
672 2004 762 2091 Quod
782 2002 823 2069 ad
840 2004 1014 2093 argumenti
1029 2003 1245 2070 tractationem
1265 2004 1339 2071 atti-

355 2139 431 2208 net,
465 2126 615 2215 optimam
641 2149 696 2191 nos
723 2125 806 2191 riam
833 2117 1019 2216 ingressuros
1050 2146 1114 2191 esse
1142 2124 1337 2206 censuimus,

355 2247 381 2313 ri
392 2295 402 2326 ,
435 2247 590 2312 nonnullis
617 2245 826 2335 descriptore
849 2247 976 2336 ejusque
996 2245 1117 2335 scriptis
1140 2245 1339 2335 praemissis,

354 2367 420 2456 ipsa
449 2379 664 2456 argumenta,
681 2337 794 2455 quihus
820 2361 1090 2433 Christianismum
1110 2363 1283 2432 defenderit
1303 2380 1336 2433 et

354 2487 602 2569 commendarit,
632 2486 853 2568 exhibeamus,
882 2511 918 2553 ac
945 2488 1037 2554 simul
1054 2488 1088 2552 in
1107 2509 1211 2554 causas
1225 2487 1337 2578 inqui-

355 2629 480 2692 ramus,
507 2631 588 2700 quae
614 2608 776 2676 Justinum
804 2607 1001 2690 induxerint,
1025 2622 1060 2675 ut
1079 2608 1138 2676 hac
1155 2629 1258 2700 neque
1276 2610 1337 2676 alit

353 2731 474 2797 ratione
499 2732 688 2821 Apologetue
711 2749 840 2796 munere
860 2731 1061 2820 moperetur3
1088 2729 1180 2821 quale
1200 2729 1337 2821 denique

356 2851 480 2942 singulis
499 2851 705 2941 argumentis,
724 2851 766 2916 eh
786 2871 824 2918 eo
842 2851 965 2932 allatis,
982 2849 1185 2919 statuendum
1205 2852 1244 2919 sit
1263 2873 1335 2943 pre-

343 2971 457 3053 ·timn,
480 2973 576 3040 verbo
598 2971 816 3063 significemus.
