3010 5110
885 457 928 518 et

415 635 547 728 Sensum
569 653 733 720 hominnm
750 652 921 733 moralem,
945 653 1001 744 qni
1020 673 1082 718 non
1103 663 1224 742 poteret
1239 675 1303 720 non
1324 655 1406 721 talia

416 777 616 868 improbare,
641 771 773 840 excitare
791 773 888 840 roluit
899 820 909 853 ,
939 785 1034 862 atque
1052 771 1097 838 sic
1117 771 1239 840 efficere
1250 821 1259 854 ,
1271 773 1406 840 ntltlth-

413 898 500 965 nicos
519 918 591 964 suae
610 895 748 985 ipsorum
765 892 897 984 puderet
915 891 1074 962 stultitiae.
1105 893 1270 962 Poetarum
1285 895 1408 984 scripta

417 1039 515 1110 quum
540 1028 630 1082 antea
658 987 845 1094 lectitasset,
869 1035 932 1082 non
956 1025 1078 1104 poterat
1096 1035 1158 1080 non
1178 1013 1284 1080 odium
1304 1015 1409 1105 Poly·-

415 1137 562 1216 theismi,
593 1133 679 1226 quod
709 1135 742 1200 in
762 1133 908 1200 omnibus
928 1133 1019 1223 hujus
1039 1133 1108 1198 aeri
1130 1131 1315 1200 Christianis
1335 1157 1409 1200 eer-

416 1259 523 1339 nitur,
548 1255 608 1347 ipsi
626 1257 779 1346 permulta
796 1257 863 1322 loca
873 1275 1054 1344 suggereres
1067 1238 1171 1320 studio
1181 1255 1252 1321 talio
1263 1255 1409 1346 plerum·

416 1401 478 1470 qne
495 1379 563 1446 loen
581 1377 721 1467 selegisse
738 1375 878 1455 ridetur,
895 1377 928 1442 in
947 1376 1060 1465 quibus
1077 1383 1187 1464 poetae
1203 1377 1284 1447 lleos
1301 1378 1409 1444 omnis

416 1501 537 1567 honesti
566 1499 679 1566 oblitos
705 1509 895 1588 proponunt.
950 1494 1034 1562 Citat
1061 1508 1165 1562 tumen
1187 1496 1286 1564 multa
1313 1498 1405 1580 loca,

417 1642 498 1710 qnae
524 1617 619 1685 hodie
645 1639 708 1684 non
726 1617 760 1682 in
777 1624 961 1707 poetarum,
985 1615 1099 1705 quibus
1119 1613 1252 1698 tribuit,
1276 1617 1406 1708 seriptis

417 1739 640 1830 reperiantur,
671 1759 729 1804 nec
757 1737 849 1804 facile
877 1757 984 1802 eornm
1006 1757 1070 1803 esse
1087 1748 1234 1826 possunt;
1259 1736 1292 1804 id
1316 1737 1406 1827 quod

418 1874 522 1930 tamen
549 1859 674 1927 Justino
706 1857 783 1925 vitio
813 1857 863 1924 rix
885 1856 966 1924 verti
984 1869 1108 1947 potest,
1132 1877 1231 1946 quum
1249 1855 1299 1924 his
1317 1871 1406 1925 tem-

418 1982 547 2075 poribus
575 1979 803 2070 disquisitiones
830 1977 957 2046 critioae
985 1976 1088 2042 minus
1114 1953 1234 2044 institui
1253 1979 1402 2048 solerent.

420 2103 512 2171 Nune
530 2103 603 2191 joco
628 2113 660 2166 et
683 2119 855 2178 sarcasmo,
875 2119 959 2164 nunc
977 2096 1118 2164 irrisione
1137 2109 1170 2163 et
1189 2096 1405 2188 indignatione

420 2224 548 2315 plenus,
581 2221 705 2311 copiose
730 2219 791 2285 hoc
815 2231 1030 2308 argumentum
1049 2218 1192 2308 exponit,
1218 2219 1403 2286 etiamtum

419 2343 476 2411 nbi
505 2341 590 2409 aliud
614 2339 692 2432 quid
716 2340 779 2432 agit
800 2338 871 2429 (1),
899 2338 977 2405 adeo
1003 2352 1039 2405 ut
1060 2337 1304 2429 indignationem
1325 2363 1403 2432 sup-

424 2458 560 2551 primere
583 2477 645 2522 non
663 2453 798 2546 potuisse
816 2452 969 2520 rideatur.

467 2577 558 2646 Licet
576 2575 717 2644 lustinus
741 2573 795 2642 hic
813 2573 936 2665 poetice
954 2571 1046 2653 fieta,
1057 2571 1180 2663 abigeis
1189 2571 1403 2663 llthnicisjatn

423 2697 543 2765 dudum
573 2697 662 2762 irrisa
689 2708 720 2762 et
747 2695 889 2784 explosa,
907 2715 964 2784 pro
983 2691 1170 2782 argumentis
1193 2693 1320 2775 afferat,
1340 2716 1402 2762 nou

422 2825 527 2879 tannen
546 2807 733 2874 crediderim
751 2806 811 2874 hoc
830 2818 1045 2896 argumentum
1064 2805 1175 2872 frustra
1194 2805 1235 2872 nh
1255 2827 1292 2872 eo
1310 2807 1403 2874 luisse

422 2929 608 2998 exhibitum.
639 2927 730 2995 Plebs
749 2926 832 2992 enim
855 2925 1035 2994 historicam
1054 2925 1139 2992 illam
1159 2937 1191 2994 et
1208 2927 1402 3016 allegoricam

422 3049 682 3140 Philosophorum
715 3047 1001 3137 interpretationem
1031 3067 1141 3135 cupere
1169 3068 1232 3114 uon
1259 3060 1399 3136 poterat;

424 3173 507 3242 Deos
534 3169 760 3261 cognoscebat,
781 3168 886 3258 quales
907 3165 991 3258 apud
1005 3175 1117 3256 'poetas
1135 3181 1398 3258 proponerentur:

374 3341 377 3362 ,
423 3291 484 3358 nisi
512 3290 667 3358 tustinus
682 3290 807 3380 plebem
833 3286 892 3354 hae
913 3285 1128 3378 superstitione
1146 3266 1327 3376 occupatam
1346 3309 1401 3354 no·

422 3413 536 3490 ussat,
564 3409 654 3476 ralde
682 3408 814 3488 dubito,
843 3431 883 3474 aa
915 3407 976 3486 hoc
1006 3418 1220 3497 argumentum
1248 3419 1312 3476 tum
1336 3407 1400 3475 fase

423 3547 455 3602 et
473 3543 615 3598 accurate
633 3531 828 3620 exposuisset.
876 3528 947 3596 Non
967 3527 1076 3618 satagit
1096 3540 1200 3596 tamen
1219 3551 1255 3596 er
1264 3528 1398 3610 ratione,

422 3656 485 3744 qut
503 3659 614 3744 poetae
635 3647 675 3716 de
694 3649 763 3716 Diis
781 3650 971 3740 loquuntur,
992 3649 1120 3716 stultum
1136 3661 1168 3716 et
1184 3649 1314 3740 impium
1324 3673 1398 3742 pm-

421 3775 519 3854 bare,
552 3771 626 3838 tales
655 3791 713 3860 pro
742 3769 809 3838 Diis
836 3789 1021 3860 agnoscere;
1047 3791 1154 3835 rerum
1177 3769 1288 3836 callide
1304 3772 1397 3862 ipsam

421 3917 509 3964 suam
539 3892 724 3961 sententiam
742 3889 904 3958 confirmat
923 3890 1059 3982 ipsorum
1074 3899 1257 3982 poetarum,
1277 3891 1396 3986 Euripi-

349 4167 354 4180 '
451 4185 491 4249 (t)
509 4185 548 4238 er.
569 4186 601 4234 us
622 4181 760 4234 umus.
780 4184 840 4249 cap.
860 4183 888 4236 s.
908 4183 933 4232 tn
952 4183 1019 4234 meu.
