2978 5106
780 455 841 520 100
873 437 876 446 '

326 655 510 735 sublimius,
530 653 665 719 eoeleste
683 651 815 743 quippe.
835 651 1007 742 intelligere
1023 650 1203 733 contendit3
1229 673 1305 720 coe-

326 778 401 843 leste
420 771 497 840 iilud
515 795 663 864 regnum,
690 776 776 864 cujus
795 771 885 840 Jesns
901 771 1042 841 Christus
1064 795 1117 838 rer
1136 772 1198 856 ait,
1222 775 1309 864 cnjus

330 895 390 986 ipsi
418 891 585 960 Christiani
613 894 696 960 eires
721 895 781 960 sint
793 943 803 978 ,
827 893 883 984 qui
908 915 1061 983 nusquam
1086 916 1148 960 non
1172 891 1207 960 id
1234 915 1309 984 spe-

276 1077 279 1084 .
330 1027 434 1096 etant„
462 1012 495 1079 id
523 1014 717 1096 intueantur,
741 1015 781 1080 oh
801 1011 979 1104 ipsumhoc
1000 1013 1104 1080 omnia
1127 1012 1305 1103 perferant3

329 1137 369 1203 oh
396 1135 456 1202 hoc
481 1159 513 1201 se
540 1133 730 1201 Christianos
744 1134 973 1224 profiteantur,
996 1134 1215 1225 professionem
1235 1133 1310 1201 iicet

326 1269 426 1323 morte
443 1253 635 1322 multandam
655 1275 718 1320 esse
735 1253 873 1323 scientes.
911 1253 980 1320 lico
998 1265 1212 1344 argumentum
1232 1251 1324 1346 dum,

327 1376 452 1468 exponit
467 1376 489 1443 J
493 1375 630 1465 ustinus,
657 1375 760 1441 animo
781 1371 1177 1440 animadvertitursublimi
1197 1386 1233 1441 et
1246 1374 1312 1440 els-

329 1511 423 1578 vato,
446 1496 531 1562 haud
545 1497 617 1563 satis
638 1496 686 1584 (ut
704 1494 842 1581 ridetur)
859 1494 1049 1584 intelligens,
1060 1494 1225 1577 lithnicos,
1246 1509 1319 1562 ter··

329 1619 477 1686 rostribus
495 1631 575 1685 totos
593 1616 680 1707 quasi
700 1597 832 1696 defixos}
851 1615 1011 1682 rixautne
1026 1615 1310 1710 uixquidemregni

329 1738 492 1805 invisibilis
512 1751 543 1804 et
559 1737 696 1804 coelestis
713 1736 872 1806 notionem
890 1735 950 1802 sibi
969 1736 1137 1804 informare
1154 1737 1308 1828 potuisse-i

373 1859 504 1926 Etiamsi
527 1859 667 1926 Justinns
685 1855 735 1924 his
758 1855 1013 1926 demonstraverit
1041 1855 1229 1924 Christianos
1256 1857 1309 1924 di-

331 1992 452 2048 ctorum
481 1978 647 2052 criminum
666 1975 751 2044 haud
771 2000 839 2044 reos
862 1989 925 2046 esse
937 1991 956 2058 ‚'
971 1989 1002 2044 et
1022 1976 1311 2046 Ethnici'hoc·for·

330 2114 408 2167 tasse
432 2097 596 2182 dederint;
622 2099 754 2164 aliorum
782 2112 884 2166 tamen
913 2110 996 2164 certe
1015 2099 1061 2164 rei
1081 2120 1144 2172 essa
1161 2097 1310 2166 rideban-

332 2234 404 2300 tur,
430 2242 525 2309 quum
548 2218 621 2308 ipsis
636 2219 703 2286 Diis
723 2231 822 2286 assant
840 2219 931 2286 inuisi
942 2268 953 2302 ,
977 2219 1094 2310 qnippe
1115 2221 1175 2311 qui‘
1187 2219 1225 2287 iis
1244 2220 1309 2286 mi-

331 2363 397 2407 sere
416 2339 538 2406 afflictis
556 2359 614 2406 nee
633 2353 846 2406 succurrerent
873 2362 932 2407 neo
959 2341 1194 2431 opitularentur.
1223 2342 1317 2410 Hanc·

334 2461 493 2542 Ethnisis,
509 2461 612 2528 omnia
626 2482 662 2526 ex
682 2461 812 2528 externis
824 2460 967 2551 judicare
985 2462 1081 2529 solitis
1090 2511 1100 2545 ,
1117 2463 1315 2530 offensionem

334 2596 366 2649 et
386 2581 614 2650 dubitationem
633 2583 782 2662 eximere,
799 2605 876 2672 opus
897 2596 962 2650 erat
981 2595 1012 2649 et
1031 2583 1135 2650 ialtori
1178 2585 1223 2650 Er
1243 2583 1317 2675 ipsis

334 2701 538 2770 Ethnicornm
563 2723 674 2790 magno
700 2701 733 2766 in
758 2701 876 2768 honore
900 2701 1014 2769 habitis
1037 2703 1237 2794 scriptoribus
1257 2704 1317 2772 hoc

325 2797 467 2888 'dubium
485 2820 655 2913 prudenter
670 2821 785 2888 solvere
800 2835 927 2888 conatur
940 2822 1001 2910 (1),
1019 2844 1054 2888 er
1073 2823 1186 2912 quihus
1201 2824 1320 2914 quippe

335 2940 510 3031 Xenophon
524 2942 592 3028 jam
612 2963 648 3006 ex
666 2963 739 3008 vero
759 2939 900 3022 dixerat,
923 2941 1045 3009 virtutis
1062 2942 1212 3010 studiosos
1231 2945 1317 3034 mul·

336 3061 376 3128 tis
406 3060 573 3150 implicitos
600 3082 664 3128 esse
691 3058 922 3128 difficultatibus
934 3086 943 3144 3
970 3060 1052 3128 uude
1076 3085 1200 3154 qnoque
1216 3064 1318 3132 Grae-

337 3203 445 3248 corum
476 3180 713 3270 sapientissimi,
747 3193 783 3246 ut
810 3179 950 3248 Socrates
976 3193 1006 3246 et
1035 3180 1106 3264 aiii,
1129 3186 1206 3264 μετὰ
1227 3183 1321 3264 io'yoo

340 3302 498 3380 virentes,
538 3301 571 3370 in
608 3300 680 3368 odio
708 3299 811 3367 hahiti
840 3301 977 3370 fuissent.
1033 3301 1173 3368 Justinus
1201 3323 1322 3392 semper

340 3434 521 3513 argumento
544 3444 579 3487 ex
607 3420 758 3488 vaticiniis
782 3420 881 3511 petito
912 3422 1038 3512 plenus,
1064 3421 1229 3512 omniaque
1248 3422 1321 3488 heri

341 3564 465 3610 necesse
484 3563 569 3622 esse,
586 3563 664 3631 quae
684 3554 754 3608 onte
775 3541 1326 3632 assentoracuiispraediota·,intime

342 3664 402 3732 sihi
418 3659 624 3754 persuadens,
640 3673 671 3728 et
680 3659 734 3728 hic
748 3659 936 3730 Christianos
946 3659 1048 3752 premi
1057 3663 1216 3732 contendit
1227 3711 1237 3744 ‚
1249 3663 1326 3754 quia'

341 3783 515 3876 Prophetae
531 3795 562 3850 ot
576 3782 668 3850 Jesus
684 3784 953 3874 praenunciasseut
965 3783 1025 3876 (ἲ).
1051 3783 1148 3852 titud
1166 3783 1322 3875 denique,

355 3992 707 4010 -ss-u——D

373 4095 413 4160 (ι)
426 4057 508 4159 'apat
527 4093 563 4144 tt.
582 4093 609 4143 a.

373 4180 411 4246 (2)
432 4178 505 4246 ipat.
528 4177 547 4226 r.
570 4167 666 4227 12.'1t.
686 4174 712 4224 s.
