3010 5110
932 427 974 490 32

464 645 553 692 serae
578 623 761 713 praestantia
790 635 821 690 et
849 619 1095 692 christianorum
1122 641 1242 692 snorum
1259 626 1402 717 integris

463 744 641 825 convictus,
670 742 725 810 hos
752 742 793 811 cb
823 742 976 810 desertum
1011 744 1121 810 falsum
1149 757 1181 812 et
1204 745 1353 813 moribus
1373 771 1406 837 ps

462 866 612 934 niciosum
622 865 758 932 Deorum
767 863 904 945 cultum,
919 876 1067 954 tanquam
1082 865 1214 930 moriare
1230 865 1370 956 impiam
1392 868 1406 932 l

461 989 580 1053 minum
601 985 717 1052 iaeoern
727 1032 736 1065 ,
757 996 876 1050 verutos
896 984 983 1051 etad
1004 1007 1219 1075 rogamusque
1234 999 1406 1054 tractosco

432 1191 434 1196 Ι
460 1108 621 1200 spiciebat.
669 1104 729 1172 liei
747 1123 850 1170 amore
868 1104 1015 1193 flagrum,
1036 1118 1067 1172 et
1085 1103 1248 1186 homines,
1267 1117 1306 1172 nt
1326 1105 1406 1174 Chri

460 1251 544 1297 sacra
567 1225 845 1317 amplecterentur,
869 1247 905 1290 er
931 1227 1035 1294 nniutc
1052 1226 1199 1317 cupiens,
1223 1225 1303 1308 hos,
1331 1251 1406 1318 quas

459 1348 514 1416 din
536 1345 742 1437 Polytlrcismo
765 1341 882 1412 addicti
901 1360 1081 1428 manerent,
1105 1369 1239 1438 eumque
1258 1347 1364 1414 firmis
1382 1373 1403 1414 n

457 1469 617 1538 crederent
644 1467 851 1557 argumentis,
875 1489 912 1534 co
931 1466 1005 1534 duci
1024 1491 1086 1535 non
1104 1491 1192 1560 posse
1214 1469 1406 1560 perspicieba

503 1591 586 1657 llino
605 1589 741 1656 Deorum
758 1589 875 1655 cultum
894 1589 1001 1671 omni,
1020 1591 1081 1679 qud
1100 1587 1212 1679 pollet,
1233 1589 1399 1656 doctrinae

458 1709 574 1799 ingenii
591 1709 644 1789 ri,
662 1707 859 1798 aggreditur,
878 1707 1102 1786 lundomensis,
1127 1710 1240 1798 quibus
1259 1709 1406 1778 niteretur

456 1830 541 1898 omni
576 1829 607 1895 si
640 1827 826 1909 destituens,
860 1823 972 1896 dubia'
999 1829 1187 1920 pro'lligans,
1220 1829 1406 1920 objectiones

455 1950 641 2043 suspiciones
670 1948 764 2016 tacite
792 1950 840 2016 rel
866 1962 971 2040 aperte
994 1949 1151 2030 refutans,
1174 1948 1278 2016 omnia
1298 1947 1406 2038 deniqs

458 2073 584 2154 tollens,
609 2093 688 2160 quae
715 2091 766 2136 eos
792 2068 945 2160 impedire
972 2083 1115 2159 possent,
1141 2068 1305 2160 quominus
1334 2091 1406 2134 unus

456 2187 700 2258 Christianomm
717 2189 818 2257 Deum
837 2189 900 2256 lide
914 2193 1087 2280 reciperent
1105 2203 1136 2258 et
1157 2190 1304 2258 colerent.

501 2311 557 2379 Uti
576 2311 689 2401 ipsae,
722 2331 798 2402 quas
822 2311 962 2378 lustinus
982 2311 1106 2378 fovebat
1117 2361 1127 2393 ,
1150 2313 1289 2378 notiones
1308 2309 1348 2376 ud
1368 2310 1406 2380 hu

455 2431 520 2500 istis
551 2430 730 2498 hominibus
765 2431 960 2522 probandum
995 2431 1132 2499 maxime
1166 2430 1196 2496 ei
1226 2429 1293 2498 usui
1319 2443 1406 2496 eraut

455 2553 497 2619 ita
526 2573 650 2642 quoque
677 2573 779 2618 sensns
795 2553 953 2642 religiosus
968 2541 1114 2620 excitatius
1134 2552 1203 2641 (l),
1228 2551 1405 2641 Polytheisrr

453 2671 621 2739 vacillantis
649 2671 744 2751 ratio,
779 2672 930 2740 fluctuans
958 2671 1100 2763 inprimis
1124 2686 1155 2740 et
1173 2671 1267 2740 dubia
1286 2671 1405 2763 philoso

446 2791 635 2882 ‚phematum
662 2805 738 2858 tnnc
765 2793 912 2882 temporis
938 2791 1075 2860 conditio
1103 2793 1175 2882 (2);
1215 2815 1294 2883 quae
1322 2805 1404 2860 tamer

453 2912 555 2980 omnia
593 2911 792 2986 inveteratam
829 2913 928 3002 plebis
959 2905 1228 3003 supernitionem,
1259 2911 1404 2980 multorun

453 3031 724 3113 incredulitatem,
740 3031 992 3124 philosophorum
1015 3033 1208 3124 aliorumque
1232 3031 1400 3124 snperbiam

452 3151 677 3244 praejudicatas
719 3151 853 3244 denique
893 3166 999 3220 contre
1039 3151 1281 3222 Christianorum
1310 3175 1402 3220 nomer

453 3273 612 3364 opiniones
631 3295 774 3364 superare
791 3286 844 3341 aut
862 3273 911 3340 rin
928 3287 980 3340 ant
999 3295 1039 3342 ne
1056 3273 1103 3340 air
1125 3273 1251 3364 quidem
1269 3285 1402 3364 poterant

497 3391 681 3474 Videamus,
709 3417 770 3484 qna
797 3394 914 3460 ratione
942 3415 1007 3460 rem
1036 3415 1122 3460 suam
1152 3389 1400 3461 difficillimame

450 3510 659 3606 gratissimam
676 3514 783 3604 egerit.

478 3805 518 3868 (l)
536 3805 575 3854 Gi.
594 3819 722 3865 nrsnnu,
743 3804 761 3854 l.
782 3821 806 3856 c.
827 3805 838 3872 ς
861 3806 871 3854 l
892 3805 917 3855 in
936 3805 995 3858 flue.

479 3889 704 3952 (etiamnum,
735 3889 795 3940 rats
819 3891 865 3940 des
890 3889 1099 3952 Heidssstlsssssss,
1137 3907 1194 3958 pag.
1223 3891 1266 3941 161
1291 3905 1342 3956 sqq.
1369 3907 1399 3956 qu

443 3973 571 4037 religionis
596 3972 646 4023 hoo
665 3979 779 4041 ternpore
802 3978 896 4025 statum
913 3975 989 4026 docte
1008 3980 1035 4026 et
1051 3977 1180 4042 eleganter
1196 3975 1335 4044 descripsit3
1352 3993 1398 4026 cau

443 4073 483 4108 sss
508 4057 583 4108 simul
603 4057 712 4119 addens,
739 4075 805 4123 quae
830 4060 939 4110 lleoram
962 4062 1044 4112 cultui
1066 4060 1217 4120 stabiliendo
1234 4061 1366 4128 prodessent
1381 4075 1398 4110 et

443 4139 578 4203 obessent;
597 4139 688 4204 dignus
706 4141 750 4206 qni
769 4142 867 4207 legatur
884 4159 899 4193 s
917 4159 974 4210 pag.
996 4142 1087 4194 s-tes.
1157 4195 1166 4213 s
